2400 3840
517 139 668 190 εΒΔοΜΗ
1033 142 1096 206 101

81 299 200 380 αὐτήν,
224 299 330 374 οὕτως
353 298 599 382 ἀποθανόντος,
630 299 717 385 (83)
741 301 802 366 οὐκ
830 299 1011 386 εἰσδέχεται
1039 300 1101 388 μὲν

81 405 186 487 αὐτήν
208 407 293 490 πρὸς
320 402 440 471 ἑαυτὸν
463 407 511 483 είς
538 405 599 489 τήν
621 409 738 490 πόλιν,
766 404 838 473 ἀλλ’
869 406 1027 485 ἐκνεύσας
1054 416 1102 486 είς

80 536 112 576 τι
135 514 259 596 χωρίον
282 510 405 596 ἀνδρὸς
428 512 574 596 δικαίου,
599 510 784 598 Ὠβεδάμου
807 514 926 598 ὄνομα,
957 518 1103 581 Λευίτου

80 621 118 684 τὸ
142 617 249 700 γένος,
272 615 350 703 παρ’
376 618 465 706 αύτῷ
487 619 549 702 τήν
577 621 721 703 κιβωτὸν
744 623 889 702 τίθησιν.
936 621 1044 706 ἔμεινε
1068 620 1099 686 δ’

52 723 136 790 σέπδ
159 736 248 809 τρεῖς
271 725 371 802 όλους
394 733 500 809 μήνας
517 725 649 809 αύτόθι,
672 724 728 791 καλ
746 728 806 793 τὸν
824 721 919 793 οἶκον
936 729 996 794 τδν
1012 726 1102 813 Ὠβε-

82 832 192 916 δάμου
214 829 338 914 ηύξησέ
358 854 394 896 τε
415 828 471 896 καλ
491 836 626 898 πολλῶν
644 833 732 921 αύτῷ
752 832 935 918 μετέδωκεν
953 833 1102 916 ἀγαθῶν.

82 939 171 1021 (84)
203 937 347 1015 ἀκούσας
378 935 411 1002 δ’
442 938 460 1004 ὁ
493 942 649 1023 βασιλεὺς
681 940 732 1004 ότι
764 948 867 1005 ταῦτα
895 938 1103 1025 συμβέβηκεν

79 1042 261 1133 Ὠβεδάμμ,
284 1044 330 1120 ὡς
348 1043 384 1109 έκ
402 1052 461 1128 τής
477 1043 641 1132 προτέρας
659 1049 776 1124 πενίας
793 1044 849 1112 καλ
872 1050 1104 1129 ταπεινότητος

83 1149 219 1236 ἀθρόως
242 1150 411 1234 εὐδαίμων
431 1149 488 1215 καὶ
511 1154 653 1235 ζηλωτὸς
680 1151 798 1235 γέγονε
820 1154 909 1239 παρά
930 1162 1011 1219 πᾶσι
1034 1164 1105 1230 τοῖς

40 1276 68 1315 10
83 1256 187 1341 ὁρῶσι
209 1253 265 1321 καλ
288 1255 560 1341 πυνθανομένοις
581 1259 643 1342 τήν
662 1261 773 1324 οίκίαν
793 1259 907 1341 αὐτοῦ,
930 1260 1104 1344 θαρρήσας

84 1363 130 1439 εὀς
161 1363 300 1440 οὐδενὸς
330 1372 436 1428 κακοῦ
467 1367 720 1450 πειρασόμενος,
752 1365 815 1449 τήν
845 1367 989 1449 κιβωτὸν
1020 1367 1104 1449 πρὸς

83 1468 187 1534 αὑτὸν
209 1471 425 1553 μετακομίζει,
447 1464 535 1553 <85>
559 1481 627 1536 τῶν
650 1469 711 1556 μέν
735 1469 851 1558 ίερέων
874 1473 1104 1555 βασταζόντων

84 1573 204 1658 αὐτήν,
236 1572 316 1641 ἑπτά
351 1572 389 1640 δέ
420 1588 530 1661 χορῶν
558 1576 617 1654 οῦς
649 1578 867 1661 διεκόσμησεν
898 1578 916 1644 δ
948 1580 1104 1663 βασιλεὺς

83 1683 316 1765 προαγόντων,
349 1682 453 1748 αῦτοῦ
481 1680 512 1746 δ’
542 1681 580 1748 έν
611 1683 732 1769 κινύρα
758 1687 1022 1768 παραπαίζοντος
1048 1681 1104 1748 καὶ

43 1808 69 1849 15
84 1795 295 1872 κροτοῦντος,
319 1785 480 1853 ὥστεκαὶ
503 1789 565 1872 τήν
587 1799 729 1871 γυναῖκα
752 1789 921 1872 Μιχάλαν,
945 1791 1104 1854 Σαούλου

84 1889 123 1957 δὲ
155 1892 325 1979 θυγατέρα
356 1903 417 1959 τοῦ
448 1895 583 1980 πρώτου
615 1892 791 1978 βασιλέως,
829 1895 969 1959 ἰδοῦσαν
1001 1894 1105 1960 αὐτὸν

84 2008 183 2064 τοῦτο
206 2009 368 2066 ποιοῦντα
390 2000 558 2085 χλευάσαι.
604 2001 692 2085 <86>
714 2002 959 2083 εἰσκομίσαντες
983 1996 1021 2064 δὲ
1043 1999 1105 2083 τήν

83 2108 228 2189 κιβωτὸν
250 2105 404 2173 τιθέασιν
426 2107 491 2173 ὑπὸ
515 2107 577 2190 τήν
600 2106 726 2190 σκηνήν
748 2105 791 2190 ἣν
812 2107 964 2190 Δαυίδης
987 2105 1105 2190 ἔπηξεν

85 2212 180 2297 αὐτή,
202 2211 257 2277 καί
280 2216 404 2291 θυσίας
422 2210 451 2277 τ’
469 2211 636 2280 ἐπετέλεσε
654 2218 846 2292 πολυτελεῖς
863 2211 918 2278 καλ
938 2215 1105 2300 είρηνικδις

44 2340 71 2380 ιο
86 2318 257 2401 ἀνήνεγκε,
279 2316 334 2383 καλ
357 2320 417 2384 τὸν
435 2321 536 2404 όχλον
554 2321 720 2386 εἱστίασεν
738 2321 877 2404 ἅπαντα,
899 2318 954 2386 καλ
973 2317 1104 2404 γυναιξί

85 2421 142 2488 καλ
165 2424 306 2509 ἀνδράσι
329 2421 384 2488 καί
406 2428 539 2508 νηπίοις
562 2427 700 2503 διαδοὺς
722 2426 903 2512 κολλυρίδα
923 2427 1026 2512 ἄρτου
1048 2423 1104 2491 καλ

87 2528 262 2615 έσχαρίτην
281 2527 337 2595 καλ
355 2530 503 2612 λάγανον
520 2533 719 2614 τηγανιστὸν
735 2528 790 2597 καλ
809 2532 928 2616 μερίδα
946 2533 1104 2615 θύματος.

84 2634 142 2700 καὶ
164 2638 223 2701 τὸν
242 2632 304 2720 μέν
322 2638 405 2702 λαὸν
424 2637 511 2701 οὕτω
533 2638 764 2720 κατευωχήσας
786 2635 987 2719 ἀπέπεμψεν,
1006 2636 1105 2712 αὐτὸς

87 2739 118 2806 δ’
146 2744 193 2818 είς
215 2744 274 2807 τὸν
297 2738 391 2808 οἷκον
413 2745 473 2808 τὸν
496 2743 599 2808 αὑτοῦ
626 2744 857 2828 παραγίνεται·
889 2742 977 2824 <87>
999 2762 1141 2827 παρα-3

44 2867 72 2908 25
87 2857 191 2913 στᾶσα
215 2847 246 2913 δ’
267 2849 356 2937 αύτῷ
375 2849 512 2933 Μιχάλα
534 2847 555 2931 ή
579 2848 675 2932 γυνή,
699 2847 858 2913 Σαούλου
881 2843 919 2912 δὲ
941 2848 1104 2933 θυγάτηρ,

86 2955 126 3020 τά
149 2952 178 3019 τ’
203 2952 276 3021 ἀλλ’
302 2955 391 3043 αὐτῷ
414 2955 593 3039 κατηύχετο
616 2951 672 3019 καλ
700 2955 790 3041 παρὰ
817 2962 878 3020 τοῦ
905 2961 991 3020 θεοῦ
1014 2953 1105 3036 γενέ-

87 3066 169 3125 σθαι
192 3059 263 3146 ήτει
286 3057 390 3127 πάνθ’
412 3061 474 3126 ὅσα
495 3072 678 3147 παρασχεῖν
696 3061 786 3149 αὐτῷ
805 3061 951 3126 δυνατὸν
974 3059 1107 3143 εύμενεϊ

86 3168 296 3252 τυγχάνοντι,
314 3166 369 3232 καί
389 3168 430 3251 δή
450 3165 677 3252 κατεμέμψατο
692 3167 737 3244 ὡς
751 3165 968 3250 ἀκοσμήσειεν
986 3167 1104 3252 ὀρχού-

87 3297 187 3358 μενος
210 3274 227 3340 δ
251 3281 444 3359 τηλικοῦτος
466 3276 621 3358 βασιλεὺς
638 3271 694 3338 καὶ
715 3272 945 3356 γυμνούμενος
962 3273 1027 3339 ὑπὸ
1046 3283 1105 3357 τής

44 3399 72 3439 ³0
87 3381 254 3466 ὀρχήσεως
275 3380 331 3447 καλ
354 3381 391 3447 έν
414 3381 549 3456 δούλοις
570 3377 626 3444 καὶ
646 3377 683 3443 έν
700 3381 946 3465 θεραπαινίσιν.
978 3381 1104 3463 <88>δ

160 3509 223 3570 §83
244 3504 399 3573 =2Reg.
419 3502 514 3558 v111.
