2400 3840
125 137 189 202 196
494 139 768 194 ΑΡΧΔΙΟΔΟΓΙΔΣ
813 226 818 234 Ι

122 298 243 384 γένους
265 301 369 367 αὐτοῦ
396 298 451 367 καὶ
475 309 534 384 τῆς
553 298 662 366 Ἰούδα
684 308 806 386 φυλῆς·
834 301 957 386 (127)
980 304 1136 390 προδόντα

122 405 236 491 μέντοι
255 408 296 472 τά
314 405 555 492 ἐπιτηδεύματα
576 403 632 472 καί
651 407 762 490 λήθην
784 405 897 472 αὐτῶν
918 410 1138 495 ποιησάμενον

122 511 177 579 καὶ
202 513 351 592 ξενικοὺς
372 515 476 590 θεοὺς
497 513 699 599 θρησκεύειν
719 515 995 598 μεταβαλόμενον
1011 517 1141 601 πρόρρι-

124 623 181 699 ζον
203 618 368 703 ἐκκόψειν,
390 616 446 684 καὶ
470 621 551 704 μήτε
571 627 633 684 τοῦ
655 617 775 703 γένους
800 643 833 684 τι
855 622 1024 698 λείψανον
1047 621 1142 688 αὐτὸν

124 724 235 791 ἐάσειν
257 726 339 810 μήτε
360 726 421 790 τὸν
443 735 511 790 τῶν
526 722 738 810 Ἰσραηλιτῶν
760 728 843 792 λαόν
862 723 982 810 ἀπαθῆ
1003 731 1163 813 παρόήε-ι

124 838 217 914 σθαι,
239 828 396 915 πολέμοις
418 829 449 896 δ’
475 831 597 910 αὐτοὺς
618 828 674 896 καί
701 840 815 908 κακοῖς
842 828 1063 916 ἐξαφανίσειν
1089 858 1144 918 μυ

124 941 224 1025 ρίοις,
251 935 313 1001 κάκ
335 944 395 1020 τῆς
416 944 492 1020 γῆς,
520 937 564 1020 ἣν
586 947 656 1013 τοῦς
683 935 848 1023 πατράσιν
874 935 992 1004 αὐτῶν
1016 940 1146 1023 έδοτκεν,

124 1043 273 1128 ἐκβαλὼν
296 1039 462 1124 ἐπήλυδας
484 1042 661 1129 ἀλλοτρίας
681 1045 915 1129 καταστήσειν,
941 1046 1068 1132 <128>
1091 1047 1145 1112 τὸν

124 1145 161 1214 δὲ
189 1149 272 1214 ναόν
303 1149 364 1214 τόν
394 1156 460 1213 νῦν
491 1147 757 1234 οἰκοδομηθέντα
781 1155 1146 1237 καταπρησθησόμενον

123 1266 194 1333 τοῖς
217 1253 352 1343 ἐχθροῖς
374 1256 587 1342 παραδώσειν
613 1253 668 1321 καὶ
691 1257 1024 1344 διαρπαγησόμενον,
1052 1281 1177 1324 κατα-ιι

124 1364 264 1442 σκάψειν
291 1359 329 1428 δὲ
355 1360 411 1427 καὶ
437 1362 500 1445 τήν
526 1364 627 1428 πόλιν
651 1360 746 1448 χερσὶ
776 1372 844 1428 τῶν
872 1365 1063 1449 πολεμίων,
1094 1361 1147 1429 καὶ

123 1471 276 1552 ποιήσειν
299 1471 420 1555 μύθων
441 1467 517 1547 άξια
539 1469 579 1534 τά
601 1466 680 1555 παρ’
702 1468 817 1546 αὐτοῖς
838 1469 922 1535 κακά
944 1467 1004 1534 καί
1022 1476 1147 1555 πολλής

124 1571 169 1638 δι’
185 1574 377 1660 ὑπερβολήν
394 1571 560 1658 μεγέθους
577 1573 741 1658 ἀπιστίας,
759 1575 869 1659 <129>
883 1574 930 1652 ὡς
947 1577 1031 1665 τοὺς
1047 1593 1147 1664 προσ-

124 1681 237 1756 οίκους
255 1677 439 1757 ἀκούοντας
456 1680 518 1762 τήν
536 1680 716 1765 συμφοράν
733 1680 917 1765 θαυμάζειν
939 1677 996 1746 καὶ
1016 1684 1083 1766 τήν
1100 1684 1148 1748 αί·

123 1789 200 1852 τίαν
212 1792 517 1872 πολυπραγμονεῖν,
535 1783 580 1852 δι’
597 1786 640 1869 ἣν
654 1787 760 1864 οὕτως
776 1785 985 1872 ἐμισήθησαν
995 1784 1147 1876 Ἑβραῖοι
1159 1809 1179 1852 ιι

123 1903 169 1983 τῷ
192 1900 277 1984 θεῷ,
304 1896 467 1980 πρότερον
494 1894 543 1970 είς
570 1891 672 1971 δόξαν
698 1891 755 1958 καὶ
781 1898 927 1959 πλοῦτον
950 1891 1013 1959 ὑπ’
1043 1895 1147 1961 αὐτοῦ

123 2000 365 2086 προαχθέντες,
395 1998 451 2066 καὶ
483 2000 572 2086 παρὰ
603 2010 671 2065 τῶν
702 1997 975 2085 ὑπολειπομένων
1007 1999 1147 2068 ἀκούειν

124 2103 436 2190 ἐξομολογουμένων
458 2107 517 2182 τάς
537 2105 698 2192 ἁμαρτίας
716 2105 828 2172 αὐτῶν
844 2103 900 2171 καὶ
918 2105 978 2182 τὰς
995 2117 1068 2172 τῶν
1087 2129 1146 2174 πα-

123 2211 226 2291 τρίων
248 2213 400 2293 νομίμοον
422 2211 634 2295 παραβάσεις.

189 2312 298 2395 <130>
321 2310 510 2398 ταῦταμὲν
533 2310 595 2380 οὖν
618 2315 708 2405 αὐτῷ
735 2320 795 2384 τὸν
821 2319 904 2385 θεὸν
931 2319 1038 2384 εἰπεῖν
1062 2323 1179 2386 κατάεο

82 2417 200 2493 ὅτοὺς
231 2415 360 2496 ῦπνους
392 2417 651 2505 ἀναγέγραπται·
689 2425 771 2506 μετὰ
802 2407 840 2489 δέ
870 2425 932 2507 τὴν
963 2433 1024 2489 τοῦ
1058 2435 1144 2493 ναοῦ

121 2525 338 2610 κατασκευήν,
357 2522 394 2590 ἐν
413 2527 520 2592 ἔτεσιν
539 2524 630 2613 ἑπτά,
649 2529 763 2606 καθὼς
776 2531 1029 2616 προειρήκαμεν,
1048 2554 1144 2614 γενο-
1166 2587 1169 2591 .

123 2629 241 2716 μένην,
263 2634 326 2717 τήν
348 2644 417 2700 τῶν
439 2637 618 2722 βασιλείων
641 2638 834 2722 οἰκοδομίαν
856 2636 1070 2721 κατεβάλετο,
1101 2639 1143 2722 ἣν
1172 2615 1185 2646 ’

124 2741 208 2805 ἔτεσι
231 2739 319 2827 τρισὶ
342 2739 398 2806 καὶ
421 2741 501 2807 δέκα
524 2745 620 2827 μόλις
638 2743 825 2829 ἀπήρτισεν.
861 2741 903 2806 οὐ
921 2742 984 2827 γάρ
1003 2743 1064 2808 τὸν
1084 2743 1142 2809 αὐ-

122 2848 182 2910 τὸν
204 2845 422 2926 ἐσπουδάζετο
445 2851 570 2935 τρόπρν
594 2850 694 2933 όνπερ
716 2849 754 2913 τὸ
776 2849 877 2933 ίερόν,
900 2844 984 2913 ἀλλά
1006 2849 1045 2914 τὸ
1068 2848 1142 2934 μέν,
1155 2869 1177 2912 ει

121 2954 237 3036 καίπερ
256 2951 297 3016 ὃν
316 2951 400 3036 μέγα
417 2952 473 3019 καὶ
488 2961 684 3039 θαυμαστῆς
702 2952 856 3041 ἐργασίας
874 2952 929 3020 καὶ
948 2955 1141 3041 παραδόξου

121 3056 311 3140 τετυχηκός,
335 3056 383 3121 ἔτι
404 3053 460 3120 καὶ
482 3065 543 3122 τοῦ
565 3063 650 3122 θεοῦ
673 3066 916 3145 συνεργοῦντος
939 3062 987 3138 εἰς
1009 3061 1049 3126 όν
1073 3061 1140 3146 ἐγί-

121 3184 208 3244 νετο,
230 3171 301 3238 τοϊς
318 3161 573 3249 προειρημένοις
591 3164 698 3229 ἔτεσιν
716 3166 812 3248 έλαβε
830 3162 942 3250 πέρας,
966 3167 1075 3250 <131>
1099 3172 1139 3234 τά

123 3262 160 3330 δὲ
187 3270 337 3351 βασίλεια
367 3272 454 3336 πολὺ
485 3278 544 3354 τῆς
575 3267 668 3347 ἀξίας
698 3279 759 3335 τοῦ
790 3281 874 3336 ναοῦ
900 3271 1139 3360 καταδεέστερα

121 3373 340 3459 τυγχάνοντα,
362 3386 408 3464 τῷ
427 3378 506 3463 μήτε
522 3377 585 3460 τήν
602 3375 688 3458 ὕλην
706 3374 742 3440 ἐκ
759 3378 921 3445 τοσούτου
939 3383 1064 3465 χρόνου
1082 3381 1137 3446 καὶ
1152 3399 1177 3440 30

194 3495 276 3554 512?
297 3521 330 3540 =
349 3501 365 3548 3
382 3497 548 3567 Reg.IX⁷;
567 3504 583 3552 2
600 3495 691 3550 Paral.
707 3495 760 3552 VH
774 3504 817 3554 20.
