2400 3840
138 122 202 187 146
506 123 781 177 ιεωοιοοτεε
899 100 907 115 ’

136 286 236 351 πόλιν
268 282 391 364 ἐξελεῖν
423 286 604 370 βούλεσθαι
642 285 857 369 τηλικαύτην,
894 288 1010 372 λαβὼν
1046 285 1157 374 μέντοι

136 387 214 478 παρ’
235 391 347 458 αὐτῶν
369 393 429 458 τὸν
451 391 639 477 ἀντάραντα
661 400 707 480 τῷ
730 395 863 476 βασιλεῖ
883 394 967 478 πρὸς
986 397 1158 480 τιμωρίαν,

136 501 291 584 Σαβαῖον
317 498 394 564 υίδν
421 506 482 563 τοῦ
509 498 689 583 Βοχορίου,
720 498 910 563 παύσεσθαι
937 507 997 582 της
1023 505 1158 587 πολιορ-

134 607 209 682 κίας
230 600 286 669 καὶ
308 603 370 686 τήν
393 603 550 689 στρατιάν
572 602 719 683 ἀπάξειν.
759 603 870 687 <291>
893 604 939 682 ὡς
961 603 993 670 δ’
1014 607 1158 689 ήκουσεν

135 711 155 795 ή
179 710 265 794 γυνή
283 709 323 774 τά
340 709 430 794 παρά
447 719 508 775 τοῦ
523 706 671 795 Ἰωάβου,
690 712 811 798 μικρὸν
830 709 978 797 ἐπισχεῖν
997 712 1178 796 δεηθείσα5

136 815 212 902 (τήν
239 816 302 902 γάρ
330 816 480 900 κεφαλήν
507 814 634 894 εὐθέως
661 815 751 905 αὐτῷ
779 818 983 904 ῥιφήσεσθαι
1010 819 1076 902 τήν
1099 829 1156 886 τοῦ

134 919 311 1009 πολεμίου)
326 924 518 1007 καταβαίνει
531 923 615 1010 πρὸς
631 926 710 1001 τοὺς
723 927 871 1007 πολίτας,
888 927 947 990 καί
962 923 1157 1008 ’βούλεσθ’

135 1032 273 1094 εἰποῦσα
297 1025 404 1094 ’κακοὶ
426 1040 533 1107 κακῶς
555 1030 636 1115 μετά
658 1028 784 1096 τέκνων
808 1028 994 1096 ἀπολέσθαι
1017 1029 1076 1096 καὶ
1099 1056 1155 1115 γυ-

133 1145 260 1200 ναικῶν
291 1130 375 1220 ὑπὲρ
408 1134 591 1221 ἀνθρώπου
623 1145 774 1223 πονηροῦ
805 1134 861 1203 καὶ
892 1133 976 1222 μηδὲ
1005 1139 1058 1215 τίς
1088 1137 1155 1204 έστι

133 1239 394 1327 γνωριζομένου,
430 1228 485 1307 κάὶ
517 1250 637 1308 τοῦτον
671 1244 759 1328 ἔχειν
795 1242 869 1309 ἀντὶ
901 1244 1058 1310 Δαυίδου
1096 1252 1154 1310 τοῦ
1167 1259 1188 1300 1⁰

133 1346 266 1415 τοσαῦτ’
293 1348 568 1435 εὐεργετήσαντος
588 1349 674 1433 ήμάς
697 1347 845 1433 βασιλέα,
867 1347 923 1415 καὶ
945 1350 1030 1436 πρὸς
1053 1351 1154 1416 δύνα-

134 1480 193 1540 μιν
219 1457 384 1539 τοσαύτην
410 1451 466 1519 καὶ
493 1455 692 1539 τηλικαύτην
720 1455 891 1542 ἀνταίρειν
918 1457 998 1539 μίαν
1028 1455 1153 1535 πόλιυ;’

134 1563 245 1646 <292>
266 1563 379 1627 πείθει
401 1561 463 1644 τήν
485 1561 635 1645 κεφαλήν
662 1560 887 1647 ἀποτεμόντας
913 1570 975 1627 τοῦ
997 1565 1154 1647 Σαβαίου

134 1668 230 1756 ῥῖψαι
253 1668 377 1752 ταύτην
400 1669 448 1745 είς
466 1668 503 1733 τὸ
519 1664 657 1752 Ἰωάβου
680 1669 874 1755 στράτευμα.
915 1669 1038 1734 τούτου
1060 1692 1154 1752 γευο-

133 1773 237 1860 μένου
260 1777 408 1860 σημήνας
430 1774 649 1859 ἀυακλητικδν
672 1775 690 1841 ὁ
713 1784 773 1840 τοῦ
792 1776 953 1860 βασιλέως
971 1777 1155 1861 στρατηγὸς
1167 1790 1187 1832 1⁵

134 1884 231 1949 ἔλυσε
253 1881 314 1966 τήν
336 1884 541 1968 πολιορκίαν.
581 1878 637 1946 καὶ
659 1883 928 1966 παραγενόμενος
951 1883 999 1959 είς
1014 1879 1154 1968 Ἱεροσό-

133 1995 222 2074 λυμα
244 1990 368 2066 παντὸς
390 1987 625 2055 ἀποδείκνυται
647 1988 750 2054 πάλιν
771 1996 832 2054 τοῦ
855 1993 939 2053 λαοῦ
962 1991 1155 2073 στρατηγός.

135 2087 245 2177 <293>
268 2097 446 2176 καθίστησι
475 2089 512 2158 δὲ
534 2091 589 2158 καὶ
613 2094 764 2159 Βαναίαν
787 2093 805 2158 ὁ
829 2095 986 2177 βασιλεὺς
1009 2092 1063 2158 ἐπὶ
1086 2105 1155 2159 τῶν

136 2197 427 2281 σωματοφυλάκων
440 2197 577 2262 καὶτῶν
591 2197 780 2281 ἑξακοσίων,
792 2196 983 2284 Ἀδώραμον
998 2197 1029 2265 δ’
1043 2199 1153 2284 ἐποίη-

135 2320 194 2368 σεν
221 2300 274 2366 έπὶ
301 2312 369 2367 τῶν
396 2304 526 2388 φόρων,
557 2300 613 2367 καὶ
639 2303 807 2387 Σαβάθην
834 2304 889 2369 καὶ
914 2303 1067 2391 Ἀχίλαον
1100 2304 1189 2373 ἐπὶν)

134 2419 202 2475 τῶν
228 2405 488 2492 ὑπομνημάτων,
518 2409 657 2474 Σουσδιυ
685 2404 722 2474 δδ
750 2410 956 2495 γραμματέα,
987 2413 1154 2478 Σάδωκον

135 2512 172 2581 δὲ
194 2510 251 2580 καί
270 2511 474 2602 Ἀβιάθαρον
497 2512 668 2600 ἀπέφηνεν
692 2517 800 2603 ίερείς.

83 2626 125 2692 12
201 2622 311 2708 <294>
335 2623 415 2708 μετὰ
439 2618 476 2688 δδ
498 2630 602 2688 ταῦτα
618 2632 678 2708 τῆς
695 2625 804 2710 χώρας
824 2629 907 2713 λιμῷ
926 2621 1153 2709 φθειρομένης

135 2729 280 2798 ίκέτευσε
298 2730 450 2814 Δαυίδης
471 2731 531 2797 τὸν
553 2732 638 2797 θεὸν
661 2729 792 2816 έλεήσαι
815 2733 875 2797 τὸν
897 2732 990 2812 λαόν,
1011 2729 1067 2794 καί
1090 2731 1153 2814 τήν

134 2841 246 2904 αἰτίαν
269 2838 358 2925 αὐτῷ
376 2835 431 2902 καὶ
449 2837 511 2920 τήν
530 2841 621 2902 ίασιν
638 2839 790 2922 φανεράν
807 2844 943 2920 ποιήσαι
961 2845 1020 2920 τής
1038 2839 1151 2902 νόσου.
1165 2851 1189 2894 2⁶

133 2955 202 3010 τῶν
225 2939 261 3008 δὲ
282 2953 466 3028 προφητῶν
488 2943 651 3007 εἰπόντων
674 2943 856 3025 βούλεσθαι
878 2943 938 3007 τὸν
958 2943 1042 3007 θεὸν
1065 2941 1152 3008 ἐκδι-

134 3054 208 3128 κίας
225 3057 338 3132 τυχεῖν
360 3049 439 3122 τοὺς
458 3049 682 3130 Γαβαωνίτας,
705 3047 765 3125 οὓς
782 3047 937 3125 Σάουλος
959 3048 977 3113 ὁ
996 3051 1153 3132 βασιλεὺς

134 3156 330 3231 ἀποκτείνας
352 3151 514 3237 ἠσέβησεν
537 3150 740 3235 ἐξαπατήσας
766 3153 821 3219 καί
848 3158 927 3232 τοὺς
949 3154 1070 3239 ὅρκους
1092 3155 1152 3220 αὐ-

133 3275 218 3347 τοῖς,
246 3261 305 3338 οὓς
328 3260 346 3326 ὁ
370 3259 551 3346 στρατηγὸς
571 3255 697 3342 Ἰησοῦς
725 3260 833 3344 ὤμοσε
860 3258 915 3324 καὶ
938 3259 958 3342 ή
982 3264 1151 3346 γερουσία,

133 3368 177 3452 μή
201 3366 363 3451 φυλάξας·
386 3367 495 3453 <295>
519 3364 577 3432 ἐὰν
599 3366 715 3432 τοίνυν
733 3365 831 3450 δίκην
852 3363 896 3449 ήν
916 3366 1010 3432 αύτοδ
1029 3366 1151 3434 θέλου-
1164 3385 1191 3426 ³⁰

204 3487 594 3557 §291=2Reg.XX22.

535 3768 670 3794 ΔΑ
