2400 3840
500 122 651 172 ιοΒΔοωΗ
1017 123 1080 187 127

58 291 226 348 τοσοῦτον
259 282 444 365 ὠφελήσειν
481 281 570 371 αύτῷ
607 286 850 369 συνερχόμενον
887 286 967 350 ὅσον
1003 283 1081 370 παρ’

62 388 178 476 ἐκείνῳ
216 390 406 472 γενόμενον.
451 386 506 452 καὶ
540 388 557 453 ὃ
591 385 652 473 μέν
687 387 838 467 πεισθεὶς
870 400 915 478 τῳ
948 392 1081 475 Δαυίδη

62 495 253 560 καταλιπὼν
280 493 383 558 αὐτὸν
410 488 489 576 ήκεν
518 496 565 570 είς
584 492 809 579 Ἱεροσόλυμα,
836 495 1025 580 άφικνεϊται
1049 494 1079 559 δ’

63 604 111 679 είς
134 600 218 665 αύτδι
241 598 311 684 μετ’
338 599 379 664 ού
402 603 488 665 πολὺ
510 599 565 665 καὶ
587 598 822 685 Ἀβεσάλωμος

29 727 43 766 5
131 707 241 791 <205>
269 706 385 788 ὀλίγον
413 703 450 770 δέ
473 716 518 794 τῷ
542 709 676 792 Δαυίδη
704 711 906 792 προελθόντι
930 710 1037 793 Σιβάς
1063 710 1115 775 ὁ3

58 824 122 880 τοῦ
149 815 402 897 Μεμφιβόσθου
430 814 550 889 δοῦλος
578 816 798 898 συνήντησεν,
831 814 871 880 ὃν
898 819 1081 900 προνοησό-

58 944 164 1006 μενον
186 919 382 984 ἀπεστάλκει
405 929 473 983 τῶν
495 922 642 1002 κτήσεων
663 919 701 996 ἃς
721 921 887 1007 δεδώρητο
911 932 956 1010 τῶ
972 920 1081 987 Ἰωνά-

57 1035 129 1092 θου
161 1035 221 1091 τοῦ
254 1026 413 1090 Σαούλου
444 1026 564 1101 παιδὸς
595 1027 672 1113 υίῳ,
709 1028 791 1109 μετά
823 1029 958 1110 ζεύγους
992 1031 1080 1094 ὄνων

57 1129 417 1218 καταπεφορτισμένων
444 1143 515 1208 τοϊς
542 1130 754 1216 ἐπιτηδείοις,
787 1131 819 1211 ἐξ
852 1129 900 1198 ὧν
931 1132 1080 1200 ἐκέλευσε

15 1258 43 1296 ιο
58 1237 244 1322 λαμβάνειν
264 1233 312 1303 ὧν
326 1237 426 1314 αὐτός
442 1261 478 1302 τε
491 1233 547 1302 καί
562 1238 597 1301 ολ
609 1240 672 1302 σὺν
690 1238 779 1326 αὐτῷ
795 1238 933 1304 δέοιντο.
972 1241 1081 1322 <206>

57 1343 322 1428 πυνθανομένου
350 1341 387 1408 δὲ
410 1351 476 1408 ποῦ
498 1341 712 1409 καταλέλοιπε
737 1346 797 1409 τὸν
819 1348 1080 1429 Μεμφίβοσθον,

59 1450 97 1515 ἐν
108 1447 350 1535 ’Ἱεροσολύμοις
369 1451 470 1532 έλεγε,
489 1451 726 1535 προσδοκῶντα
739 1451 1080 1536 χειροτονηθήσεσθαι

58 1555 199 1641 βασιλέα
223 1556 278 1619 διδι
301 1555 363 1637 τήν
384 1555 602 1640 ὑπάρχουσαν
623 1558 779 1642 ταραχήν,
805 1558 854 1632 είς
875 1558 1008 1641 μνήμην
1031 1552 1079 1622 ὧν

56 1661 280 1747 ηύεργέτησεν
294 1661 415 1737 αὐτοὺς
425 1662 587 1738 Σάουλος.
613 1660 842 1744 ἀγανακτήσας
856 1660 887 1727 δ’
900 1661 952 1727 ἐπὶ
962 1663 1079 1751 τούτῳ,

20 1787 43 1827 15
56 1765 164 1833 πάνθ’
195 1767 257 1831 ὅσα
288 1776 333 1854 τῷ
361 1770 598 1854 Μεμφιβόσθῳ
626 1769 839 1851 παρεχώρησε
866 1772 955 1854 Σιβᾷ
986 1771 1079 1853 χαρί-

59 1877 160 1953 ζεται·
184 1876 270 1939 πολὺ
294 1873 357 1959 γάρ
381 1874 588 1956 δικαιότερον
606 1872 710 1938 αὐτὸν
730 1871 861 1937 ἐκείνου
878 1871 969 1937 ταῦτ’
992 1876 1079 1957 έχειυ

59 1979 236 2063 ἐπέγνωκε.
510 2021 513 2027 ·

126 2084 182 2151 καὶ
206 2086 224 2151 ό
248 2082 309 2170 μὲν
333 2087 441 2170 Σιβάς
463 2085 642 2172 περιχαρής
665 2079 723 2169 ήν,
752 2086 862 2170 <207>
884 2086 1018 2169 Δαυίδη
1042 2082 1115 2150 δὲ4

58 2191 229 2280 γενομένῳ
248 2193 331 2257 κατὰ
349 2195 510 2278 Βαουρίν,
528 2194 632 2257 τόπον
649 2192 736 2257 ούτω
749 2193 966 2277 καλούμενον,
986 2189 1079 2278 ἐπέρ-

16 2319 43 2358 20
57 2324 150 2384 χεται
173 2307 234 2363 τοῦ
260 2300 418 2364 Σαούλου
442 2298 605 2381 συγγενής
627 2296 747 2383 Σεμεεὶ
775 2295 836 2384 μέν
859 2301 979 2384 ὄνομα,
1006 2300 1080 2375 υίὸς

58 2402 96 2470 δὲ
125 2408 236 2491 Γηρᾶ,
268 2403 325 2470 καί
356 2408 468 2482 λίθοις
504 2403 533 2470 τ’
569 2407 707 2488 ἔβαλλεν
739 2406 842 2472 αὐτὸν
877 2404 934 2470 καὶ
966 2404 1078 2487 ἐκακη-

57 2515 161 2596 γόρει.
203 2511 430 2597 περιστάντων
454 2507 491 2576 δέ
513 2522 581 2576 τῶν
602 2514 711 2594 φίλων
733 2509 788 2576 καὶ
808 2514 1008 2594 σκεπόντων,
1031 2513 1079 2576 έτι

57 2623 187 2701 μᾶλλον
211 2617 228 2682 ὁ
253 2615 372 2701 Σεμεεὶ
400 2620 606 2701 βλασφημῶν
634 2615 785 2698 διετέλει,
813 2619 995 2699 μιαιφόνον
1022 2614 1080 2680 καὶ4

56 2730 194 2789 πολλῶν
218 2722 365 2808 ἀρχηγὸν
387 2734 499 2788 κακῶν
521 2722 706 2787 ἀποκαλῶν.
752 2722 867 2803 <208>
890 2718 1018 2785 ἐκέλευε
1041 2716 1080 2784 δέ

15 2849 42 2890 ει
55 2828 113 2895 καὶ
142 2839 201 2914 τής
228 2839 290 2913 γῆς
318 2829 363 2904 ὡς
386 2827 487 2911 έναγή
515 2826 571 2893 καὶ
599 2826 763 2913 ἐπάρατον
787 2824 924 2909 ἐξιέναι,
949 2822 1005 2889 καὶ
1032 2833 1080 2912 τῳ

56 2944 128 3024 θεῷ
156 2936 257 3021 χάριν
285 2935 450 3019 ὡμολόγει
476 2943 534 3017 τής
561 2935 730 3018 βασιλείας
757 2932 856 2997 αὐτὸν
885 2929 1077 3018 ἀφελομένῳ

55 3039 113 3106 καί
143 3042 199 3106 διὰ
227 3042 348 3118 παιδὸς
377 3042 466 3106 ίδίου
493 3041 556 3126 τήν
581 3037 665 3125 ὑπὲρ
694 3035 742 3105 ὧν
772 3039 918 3125 ήμαρτεν
946 3040 992 3114 είς
1018 3037 1078 3101 τὸν

57 3147 180 3214 ἑαυτοῦ
205 3148 370 3229 δεσπότην
394 3148 490 3229 δίκην
513 3147 616 3213 αὐτὸν
644 3144 899 3234 εἰσπραξαμένῳ.
944 3143 1078 3209 πάντων

57 3252 89 3318 δ’
108 3251 159 3319 ἐπ’
177 3254 280 3319 αὐτὸν
298 3252 531 3340 ἠρεθισμένων
545 3251 601 3318 ὑπ’
618 3253 730 3339 ὀργής,
748 3249 803 3316 καὶ
818 3251 957 3335 μάλιστα
969 3247 1077 3334 Ἀβεσ-

16 3379 42 3418 ⁸⁰
56 3365 158 3428 σαίου
182 3362 428 3448 διαχρήσασθαι
452 3357 660 3444 βουλομένου
682 3359 741 3423 τὸν
765 3360 899 3441 Σεμεεί,
926 3358 1084 3440 Δαυίδης

131 3488 218 3549 §205
240 3509 274 3529 =
294 3488 310 3536 2
329 3483 398 3551 Reg.
417 3480 482 3535 XVI
499 3487 522 3536 1.
