2400 3840
538 113 637 162 EKTH
1054 108 1094 174 81

77 272 141 355 τήν
160 271 339 357 ῥομφαίαν,
361 273 486 353 ταύτην
504 272 607 336 αὐτοῦ
627 271 776 337 διελάσαι
794 270 874 357 πρὶν
897 274 1000 348 ζῶντα
1019 277 1099 336 συλ-

78 381 196 462 λαβεῖν
215 377 317 442 αὐτὸν
335 380 413 454 τοὺς
431 380 618 461 πολεμίους.
661 378 770 459 (371)
791 377 835 461 μή
853 381 1042 460 τολμῶντος
1060 374 1097 441 δέ

78 493 140 549 τοῦ
164 484 357 568 ὁπλοφόρου
379 495 505 548 κτεῖναι
527 485 587 548 τὸν
608 485 782 566 δεσπότην,
805 483 905 559 αὐτὸς
925 482 987 564 τήν
1006 483 1098 546 ίδιάν

79 589 289 673 σπασάμενος
311 588 477 675 μάχαιραν
499 586 554 652 καὶ
573 590 694 671 στήσας
713 587 766 653 ἐπὶ
784 588 846 671 τήν
864 588 971 672 άκμήν
989 588 1101 673 ῥιπτεῖ

48 692 151 759 σκατ’
182 694 285 777 αὐτῆς
311 695 429 777 αὑτόν,
461 693 516 759 καὶ
544 694 587 778 μή
620 695 806 778 δυνάμενος
838 696 989 758 ὤσασθαι
1017 691 1094 778 μηδ’

79 799 250 884 ἐπερείσας
273 802 446 885 διαβαλεῖν
469 800 572 865 αὑτοῦ
594 801 655 865 τὸν
678 802 816 886 σίδηρον
835 798 1097 885 περιστρέφεται.

78 904 135 970 καὶ
166 909 345 971 νεανίσκου
376 908 468 983 τινὸς
500 904 640 983 ἑστῶτος
666 908 857 991 πυθόμενος
887 910 938 982 τίς
966 911 1015 988 είη
1041 903 1096 970 καὶ

78 1012 200 1096 μαθὼν
223 1011 268 1088 ὡς
288 1010 503 1096 Ἀμαληκίτης
526 1011 608 1095 ἐστί,
635 1011 857 1097 παρεκάλεσεν
884 1010 1098 1098 ἐπερείσαντα

78 1118 140 1201 τήν
164 1118 345 1203 ῥομφαίαν,
369 1119 425 1182 διά
447 1121 485 1183 τὸ
508 1119 552 1202 μὴ
574 1129 647 1195 ταῖς
664 1116 779 1204 χερσὶν
797 1118 899 1183 αὐτὸν
916 1128 1015 1184 τοῦτο
1039 1120 1097 1183 δύ-

38 1248 64 1287 ιο
78 1230 205 1288 νασθαι
228 1233 376 1309 ποιήσαι,
401 1236 584 1310 παρασχεῖν
606 1224 694 1313 αὐτῷ
717 1224 873 1306 τελευτήν
897 1224 1016 1290 ὁποίαν
1039 1226 1097 1289 αὐ-

77 1332 135 1406 τὸς
164 1331 328 1414 βούλεται.
374 1331 483 1414 <372>
509 1332 650 1413 ποιήσας
677 1327 715 1396 δὲ
741 1339 839 1395 τοῦτο
866 1329 922 1395 καὶ
949 1332 1097 1416 περιελό-

78 1459 178 1520 μενος
204 1438 265 1502 τὸν
291 1433 366 1521 περὶ
393 1437 454 1500 τὸν
481 1439 642 1522 βραχίονα
671 1436 774 1501 αὐτοῦ
802 1438 929 1522 χρυσὸν
955 1434 1010 1500 καὶ
1037 1437 1098 1500 τὸν

78 1544 254 1625 βασιλικὸν
277 1541 444 1626 στέφανον
472 1542 621 1607 ἐκποδὼν
650 1540 788 1625 ἐγένετο.
833 1543 1040 1626 θεασάμενος
1064 1539 1095 1607 δ’

78 1648 97 1713 ὁ
117 1648 308 1734 ὁπλοφόρος
324 1650 385 1713 τὸν
403 1649 562 1714 Σάουλον
584 1647 794 1733 άνηρημένον
812 1646 1003 1713 ἀπέκτεινεν
1022 1647 1097 1713 ἑαυ-

39 1776 63 1817 15
77 1756 147 1818 τόν.
194 1756 340 1838 διεσώθη
365 1752 395 1820 δ’
418 1751 497 1820 οὐδὲ
519 1762 587 1819 τῶν
610 1754 901 1838 σωματοφυλάκων
923 1764 983 1819 τοῦ
1005 1758 1098 1837 βασι-

78 1859 162 1937 λέως
185 1859 310 1943 οὐδείς,
338 1861 421 1926 άλλά
444 1861 565 1937 πάντες
592 1862 710 1925 ἔπεσον
733 1858 809 1945 περὶ
831 1861 868 1924 τὸ
891 1860 1099 1943 καλούμενον

78 1962 226 2050 Γελβουὲ
248 1969 335 2052 ὅρος.
380 1967 490 2049 <373>
514 1965 715 2042 ἀκούσαντες
738 1961 775 2029 δὲ
797 1975 865 2030 τῶν
880 1962 1043 2049 Ἑβραίων
1065 1966 1102 2029 οί

76 2072 139 2154 τήν
161 2073 301 2137 κοιλάδα
324 2071 429 2156 πέραν
451 2080 512 2137 τοῦ
533 2070 703 2157 Ἰορδάνου
729 2080 960 2148 κατοικοῦντες
986 2069 1041 2136 καὶ
1066 2071 1102 2136 οί

78 2176 116 2242 ἐν
137 2186 184 2265 τῷ
207 2180 310 2266 πεδίῳ
333 2178 393 2254 τάς
415 2179 528 2254 πόλεις
551 2179 681 2261 ἔχοντες
704 2178 754 2242 ότι
774 2178 927 2255 Σάουλος
950 2176 1098 2243 πέπτωκε

39 2305 64 2345 το
77 2281 133 2348 καὶ
158 2285 193 2349 οί
209 2286 325 2361 παῖδες
344 2281 520 2348 αὐτοῦκαὶ
538 2285 576 2348 τὸ
596 2286 659 2349 σὺν
678 2283 766 2373 αὐτῷ
785 2290 915 2369 πλῆθος
937 2284 1097 2366 ἀπόλωλε,

77 2393 315 2467 καταλιπόντες
341 2392 400 2467 τάς
427 2387 556 2455 ἑαυτῶν
578 2393 692 2468 πόλεις
719 2393 766 2468 είς
793 2392 995 2477 ὀχυρότητας
1020 2413 1097 2455 κατ-

78 2494 222 2579 έφυγον,
251 2498 285 2561 οί
311 2492 348 2561 δὲ
371 2493 591 2560 Παλαιστινολ
618 2497 676 2572 τάς
702 2495 998 2580 καταλελειμμένας
1024 2496 1098 2581 ἐρή-

78 2626 164 2685 μους
187 2603 342 2686 εὑρόντες
363 2599 567 2689 κατῴκησαν.

146 2707 257 2791 <374>
283 2716 322 2793 τῇ
351 2706 382 2771 δ’
409 2707 547 2790 έπιοάση
576 2706 792 2781 σκυλεύοντες
819 2705 854 2768 οί
877 2703 1136 2770 Παλαιστινοὶ8

40 2833 65 2874 ει
80 2815 159 2890 τοὺς
186 2823 254 2878 των
281 2817 450 2897 πολεμίων
481 2814 621 2896 νεκροὺς
652 2809 908 2894 ἐπιτυγχάνουσι
936 2821 1007 2887 τοῖς
1038 2819 1098 2876 τοῦ

78 2921 239 2984 Σαούλου
261 2916 316 2984 καὶ
339 2930 407 2983 τῶν
429 2919 561 2983 παίδων
581 2917 687 2983 αὐτοῦ
711 2917 853 3000 σώμασι,
880 2914 935 2981 καὶ
962 2919 1100 2981 σκυλεύ-

78 3043 196 3102 σαντες
228 3023 472 3109 ἀποτέμνουσιν
504 3024 616 3089 αὐτῶν
647 3025 705 3101 τάς
737 3023 898 3107 κεφαλάς,
929 3020 983 3087 καὶ
1017 3023 1099 3086 κατά

78 3141 189 3196 πᾶσαν
212 3132 446 3216 περιήγγειλαν
468 3130 530 3213 τήν
553 3131 665 3216 χώραν
687 3127 876 3212 πέμψαντες
898 3128 949 3192 ὅτι
972 3127 1099 3191 πεπτώ-

78 3255 177 3302 κασιν
209 3239 244 3302 oc
273 3235 435 3321 πολέμιοι.
488 3234 543 3300 καὶ
579 3237 638 3312 τάς
669 3231 731 3320 μέν
764 3236 950 3308 πανοπλίας
987 3231 1098 3296 αὐτῶν

40 3361 66 3402 ω
80 3343 251 3427 ἀνέθηκαν
270 3345 318 3419 είς
335 3344 373 3407 τὸ
390 3340 608 3426 Ἀστάρτειον,
625 3342 665 3405 τά
684 3336 721 3404 δὲ
740 3340 874 3423 σώματα
893 3337 1104 3423 ἀνεσταύρω-

152 3462 559 3549 §371=2Reg.17-10.
632 3458 1068 3530 §372=1Reg.nm.

134 3564 261 3604 Ῑοειιειτυε.
282 3563 313 3602 Η,
951 3553 972 3600 ἲ)
