2400 3840
438 192 440 195 ,
515 138 640 191 ουΔοΗ
1019 141 1085 204 215

66 309 134 363 τῶν
151 298 308 380 ὑπηκόων
327 297 531 380 ἀγαπώντων
550 301 586 365 τὸ
606 296 771 385 προσηνὲς
789 299 844 365 καὶ
863 303 952 385 παρά
966 305 1085 388 μικρὸν

68 408 217 490 ἰσότιμον
240 416 308 470 τῶν
330 405 504 489 βασιλέων.
541 405 651 490 <216>
674 407 692 471 δ
717 405 748 471 δ’
771 407 903 490 ἀγαθήν
925 408 1011 472 οὕτω
1031 409 1085 473 καὶ

67 511 305 597 συμφέρουσαν
334 518 412 588 ίσως
439 509 500 597 μὲν
527 514 610 599 πρὸς
633 514 670 578 τὸ
693 522 775 596 πᾶν,
804 515 834 578 εί
856 510 893 578 δέ
916 515 975 598 μή,
1003 519 1085 601 πρός

67 641 105 700 γε
127 619 186 682 τὸν
209 621 282 683 τότε
304 620 422 704 καιρὸν
444 617 491 684 ὅτ’
514 620 582 684 ἔδει
601 618 761 702 γενέσθαι
779 618 926 704 βασιλέα,
949 621 1085 706 γνώμην

39 724 270 810 τάπεστράφη,
295 734 354 790 τοῦ
377 731 461 790 θεοῦ
484 727 693 810 ποιήσαντος,
717 722 819 811 οἶμαι,
843 734 1085 813 κατακριθῆναι

63 833 100 895 πὸ
130 830 304 916 συμφέρον
331 830 387 897 ὑπ’
414 833 526 898 αὐτοῦ.
572 833 712 910 καλέσας
740 830 777 898 δὲ
805 835 845 898 τά
868 834 1021 918 μειράκια
1043 836 1083 898 τά

64 937 342 1024 συντεθραμμένα
364 937 419 1003 καὶ
442 939 504 1022 τὴν
527 950 594 1004 τῶν
617 938 851 1026 πρεσβυτέρων
871 939 984 1018 αὐτοῖς
1003 957 1084 1025 συμ-

62 1049 206 1129 βουλίαν
230 1047 342 1129 εἰπών,
364 1049 401 1111 τί
421 1047 515 1112 δοκεῖ
533 1059 643 1112 ποιεῖν
662 1048 776 1124 αὐτοῖς
795 1045 946 1113 ἐκέλευσε
965 1046 1083 1130 λέγειν.

63 1153 174 1235 <217>
203 1153 243 1217 τά
270 1151 310 1218 δέ
335 1153 426 1236 (ούτε
453 1155 516 1240 γάρ
543 1152 564 1236 ἡ
592 1156 708 1236 νεότης
736 1152 814 1219 οὔθ’
846 1155 864 1220 ὁ
890 1156 971 1231 θεὸς
998 1153 1083 1238 ἐφίει

19 1284 47 1322 10
62 1271 157 1324 νοεῖν
175 1261 215 1324 τά
232 1257 384 1346 κρείττω)
402 1258 593 1346 παρήνεσαν
613 1259 855 1343 ἀποκρίνεσθαι
872 1271 918 1348 τῷ
938 1266 1006 1348 λαῷ
1024 1263 1084 1325 τὸν

64 1367 271 1451 βραχύτατον
304 1365 407 1431 αὐτοῦ
440 1362 615 1430 δάκτυλον
633 1373 691 1449 τής
718 1374 778 1430 τοῦ
805 1368 929 1451 πατρὸς
956 1366 1083 1449 ὀσφύος

65 1468 151 1536 εἶναι
169 1472 365 1558 παχύτερον,
383 1469 439 1536 καλ
458 1473 489 1536 εί
506 1477 652 1558 σκληροῦ
671 1475 748 1537 λίαν
763 1470 988 1558 ἐπειράθησαν
1002 1470 1083 1537 έκεί-

60 1603 139 1663 νου,
167 1582 254 1644 πολὺ
280 1583 408 1663 μᾶλλον
435 1579 539 1644 αὐτοῦ
567 1580 735 1661 λήψεσθαι
761 1591 882 1664 πεῖραν
905 1580 1082 1662 δυσκόλου,

59 1684 117 1752 καὶ
149 1689 180 1751 εί
208 1683 361 1770 μάστιξιν
388 1685 509 1762 αὐτούς
538 1685 663 1762 ἐκεῖνος
690 1684 878 1769 ἐνουθέτει,
912 1689 1083 1770 σκορπίοις
1167 1753 1168 1756 ,

19 1817 45 1855 15
62 1802 162 1858 τοῦτο
189 1795 341 1875 ποιήσειν
369 1791 472 1857 αὐτὸν
494 1793 700 1878 προσδοκᾶν,
727 1791 837 1874 <218>
860 1792 991 1868 τούτοις
1013 1814 1082 1857 πει-

63 1897 160 1975 σθεὶς
187 1899 205 1964 δ
231 1899 401 1982 βασιλεύς,
429 1896 484 1964 καὶ
508 1896 607 1976 δόξας
628 1897 808 1982 προσήκειν
830 1905 876 1984 τῷ
898 1905 957 1980 της
980 1896 1082 1982 ἀρχῆς

62 2005 222 2090 ἀξιώματι
245 2006 307 2088 τήν
330 2004 516 2090 ἀπόκρισιν,
540 2004 585 2081 ὡς
608 2009 780 2086 συνῆλθεν
798 2002 1026 2086 ἀκουσόμενον
1044 2006 1081 2069 τὸ

62 2119 193 2196 πλήθος
211 2121 250 2197 τῇ
269 2115 363 2198 τρίτη
381 2123 448 2177 τῶν
466 2110 609 2196 ἡμερῶν,
632 2111 799 2196 μετεώρου
818 2119 879 2175 τοῦ
898 2115 981 2176 λαοῦ
999 2131 1082 2175 παν-

61 2221 119 2296 τὸς
138 2223 234 2295 ὄντος
252 2223 310 2283 καί
325 2243 357 2283 τι
372 2216 528 2300 λέγοντος
544 2217 686 2282 ’ἀκούσαι
704 2226 765 2282 τού
783 2215 945 2300 βασιλέως
964 2215 1082 2283 ἐσπου-

18 2347 47 2386 κο
63 2326 217 2408 δακότος,
247 2324 404 2409 οίομένου
433 2322 472 2389 δέ
496 2349 528 2391 τι
555 2322 611 2389 καὶ
639 2325 898 2410 φιλάνθρωπον,
926 2323 987 2407 τήν
1014 2335 1082 2389 τῶν

62 2436 244 2519 μειρακίων
267 2431 380 2508 αύτοίς
404 2435 625 2515 συμβουλίαν,
648 2429 765 2518 παρεὶς
786 2432 848 2514 τὴν
870 2442 938 2495 τῶν
961 2434 1081 2514 φίλων,

62 2538 271 2624 ἀπεκρίνατο.
316 2546 420 2602 ταῦτα
448 2534 478 2600 δ’
510 2535 685 2622 έπράττετο
712 2537 794 2601 κατὰ
821 2536 883 2618 τήν
909 2545 970 2600 τοῦ
996 2543 1081 2602 θεοῦ

62 2646 236 2728 βούλησιν,
259 2645 316 2709 ἵνα
339 2644 424 2728 λάβη
446 2640 540 2719 τέλος
562 2641 583 2706 δ
605 2642 860 2726 προυφήτευσεν
880 2640 997 2725 Ἀχίας.

130 2751 239 2833 <219>
261 2748 440 2833 πληγέντες
464 2746 494 2813 δ’
520 2748 586 2813 ὑπὸ
608 2758 676 2812 τῶν
700 2749 810 2828 λόγων
832 2747 878 2823 ὡς
899 2747 964 2813 ὑπὸ
989 2749 1080 2831 σιδή-
1099 2763 1115 2811 3

18 2875 46 2916 25
62 2881 126 2942 ρον
148 2854 204 2921 καλ
227 2856 430 2939 ἀλγήσαντες
452 2855 498 2931 ὡς
521 2851 573 2918 ἐπὶ
592 2857 691 2940 πείρα
708 2865 778 2929 τοῖς
798 2852 984 2938 εἰρημένοις
1001 2853 1081 2936 ήγα-

61 2964 245 3047 νάκτησαν,
272 2960 327 3028 καὶ
356 2961 440 3047 μέγα
462 2960 583 3037 πάντες
606 2959 822 3043 ἐκβοήσαντες
846 2957 953 3024 οὐκέτ’
979 2956 1080 3025 οὐδὲν

60 3173 131 3261 μετ’
155 3175 285 3258 έκείνην
308 3176 438 3257 ἔφασαν
459 3172 522 3255 τήν
543 3170 683 3258 ἡμέραν·
707 3182 916 3256 παραχωρεῖν
939 3168 970 3234 δ’
992 3169 1080 3259 αὐτῷ

61 3286 169 3367 μόνον
192 3284 251 3346 τὸν
274 3283 372 3361 ναόν,
400 3279 440 3344 ὃν
463 3279 481 3344 ὁ
504 3277 610 3362 πατὴρ
634 3276 738 3341 αὐτοῦ
760 3277 1012 3360 κατεσκεύασεν,
1036 3279 1080 3342 εί-

19 3392 196 3470 εοπόντες,
219 3390 431 3463 καταλείψειν
453 3384 644 3467 ἠπείλησαν.
683 3383 791 3465 <220>
816 3382 902 3447 οὕτω
927 3381 957 3447 δ’
984 3385 1080 3468 ἔσχον

135 3516 150 3575 ς
165 3515 216 3562 216
237 3535 270 3554 =
290 3515 305 3562 3
321 3509 390 3575 Reg.
409 3506 460 3559 XII
475 3511 503 3572 σς
523 3503 647 3558 λΡκεολ.
664 3503 733 3559 XS.
