2400 3840
139 134 201 199 138
502 135 777 189 ΑΡΧΔΙΟΔΟΓΙΑΣ

135 296 190 364 καὶ
218 298 279 380 τήν
307 298 370 380 σήν
397 298 514 380 γενεάν
543 299 652 374 δοκεῖς
681 309 805 381 μισεῖν,
837 294 988 380 στέργειν
1016 293 1056 362 δὲ
1080 301 1157 375 τοὺς

136 405 372 491 ἐχθροτάτους,
399 402 455 470 καὶ
478 410 600 469 ποθεῖν
623 402 731 469 οὐκέτ’
757 406 856 480 όντας
878 407 915 468 οἳ
934 404 1011 488 δίκη
1035 406 1158 488 τεθνή-

135 530 241 578 κασιν.
285 511 395 595 <255>
424 514 454 576 εί
480 513 543 597 γάρ
568 509 795 595 Ἀβεσάλωμος
825 510 982 596 ἐκράτησε
1009 509 1068 575 καὶ
1096 513 1156 593 τήν

136 622 308 703 βασιλείαν
321 621 462 702 βεβαίως
475 617 642 702 κατέσχεν,
656 618 795 694 οὐδενὸς
808 615 953 701 άνήμῶν
963 617 1155 702 ὑπελείφθη

136 729 306 808 λείψανον,
325 724 408 790 ἀλλὰ
426 724 547 801 πάντες
565 726 617 808 άν,
641 725 705 791 άπὸ
726 733 788 790 σοῦ
806 721 861 788 καὶ
879 734 947 790 τῶν
966 734 1037 788 σῶν
1057 723 1177 808 άρξά-5

135 856 229 916 μενοι
242 830 378 914 τέκνων,
397 830 631 916 ἀπωλώλειμεν
645 834 794 917 οἰκτρῶς,
808 831 849 896 οὐ
863 833 1051 896 κλαιόντων
1070 831 1155 916 ἡμᾶς

135 949 202 1003 τῶν
224 941 401 1022 πολεμίων,
424 937 507 1003 άλλά
529 936 584 1003 καὶ
605 941 790 1024 χαιρόντων
807 935 959 1014 καὶτοὺς
978 935 1155 1016 ἐλεοῦντας

136 1043 188 1109 ἐπὶ
211 1055 282 1120 τοῖς
303 1054 417 1121 κακοῖς
433 1046 649 1122 κολαζόντων.
687 1047 729 1109 σὺ
748 1042 778 1109 δ’
800 1044 862 1109 οὐκ
880 1045 1031 1127 αἰσχύνει
1049 1054 1153 1109 ταῦτα

134 1160 241 1215 ποιῶν
273 1146 326 1215 ἐπὶ
358 1155 485 1241 μᾶλλον
517 1149 641 1238 ἐχθρῷ,
677 1151 727 1216 ὅτι
756 1151 814 1226 σὸς
845 1151 919 1226 υίὸς
951 1150 999 1214 ὢν
1032 1150 1153 1236 ἀσεβής

135 1256 240 1333 οὕτως
255 1254 393 1340 ἐγένετο.
417 1258 526 1342 <256>
539 1256 749 1341 παυσάμενος
763 1250 825 1321 οὖν
834 1265 893 1340 τῆς
902 1255 1022 1321 ἀδίκου
1036 1259 1151 1340 λύπης,
1164 1271 1185 1310 1⁰

134 1365 312 1450 προελθὼν
339 1366 464 1447 όφθητι
491 1375 561 1440 τοῖς
593 1372 718 1429 σαυτοῦ
750 1363 974 1448 στρατιώταις,
1006 1362 1063 1428 καὶ
1095 1375 1152 1448 τῆς

134 1469 209 1556 περὶ
236 1474 314 1548 τοὺς
343 1469 475 1552 ἀγῶνας
504 1473 697 1556 προθυμίας
729 1470 980 1555 εὐχαρίστησον·
1015 1470 1060 1547 ώς
1088 1469 1151 1553 ἐγὼ

133 1577 286 1661 τήμερον,
305 1575 347 1641 άν
362 1573 517 1660 ἐπιμένῃς
530 1587 600 1652 τοῖς
617 1577 692 1662 άρτι
705 1574 952 1661 πραττομένοις,
971 1575 1153 1654 ἀναπείσας

135 1680 321 1766 ἀποστῆναί
353 1698 415 1747 σου
451 1683 511 1747 τὸν
546 1684 629 1748 λαὸν
664 1679 719 1747 καὶ
751 1682 812 1765 τήν
844 1685 1017 1766 βασιλείαν
1051 1675 1151 1773 ἑτέρῳ

134 1791 357 1876 παραδοῦναι,
387 1792 461 1856 τότε
489 1805 542 1855 σοι
569 1791 765 1875 πικρότερον
792 1786 847 1853 καὶ
875 1785 1001 1872 ἀληθὲς
1022 1792 1150 1874 ποιήσω
1164 1802 1185 1843 1⁵

135 1898 172 1961 τὸ
200 1896 345 1975 πένθος.’
398 1897 507 1982 <257>
534 1893 626 1962 ταῦτ’
657 1895 760 1961 είπῶν
784 1892 917 1978 Ἰώαβος
946 1893 1152 1982 ἀπέστρεψεν

135 2004 199 2069 άπὸ
222 2013 281 2089 τῆς
304 2007 409 2087 λύπης
431 2000 486 2069 καὶ
509 2003 634 2085 ήγαγεν
657 2004 704 2079 εἰς
726 2003 786 2067 τὸν
811 1999 887 2087 περὶ
910 2013 977 2067 τῶν
1000 2004 1152 2089 πραγμά-

134 2135 201 2175 των
224 2113 384 2194 λογισμὸν
406 2112 466 2175 τὸν
484 2106 630 2193 βασιλέα.
667 2111 948 2193 μετασχηματίσας
965 2112 1028 2195 γάρ
1048 2113 1152 2176 αὑτὸν

134 2216 286 2295 Δαυίδης
307 2212 362 2277 καὶ
384 2216 524 2295 ποιήσας
551 2212 738 2296 ἐπιτήδειον
761 2217 809 2291 είς
832 2215 893 2298 τήν
915 2225 974 2280 τοῦ
997 2218 1151 2299 πλήθους

134 2316 220 2384 θέαν
242 2319 325 2403 πρὸς
346 2329 419 2393 ταῖς
441 2319 561 2394 πύλαις
583 2316 749 2402 ἐκάθισεν,
773 2321 817 2396 ώς
840 2322 970 2387 ἅπαντα
989 2324 1049 2389 τὸν
1068 2327 1150 2391 λαὸν
1163 2335 1186 2375 ²⁰

134 2424 321 2489 ἀκούσαντα
344 2424 548 2508 συνδραμεῖν
568 2424 652 2506 πρὸς
671 2424 774 2490 αὐτὸν
791 2423 846 2491 καὶ
864 2430 1150 2497 κατασπάσασθαι.

83 2530 122 2595 11
201 2530 309 2613 (258)
332 2521 517 2596 καὶταῦτα
545 2524 607 2616 μὲν
635 2541 755 2598 τοῦτον
779 2535 851 2619 ἔσχε
874 2536 933 2600 τὸν
955 2539 1093 2622 τρόπον·
1119 2540 1152 2604 οί

135 2636 165 2704 δ’
197 2636 232 2704 ἐκ
263 2647 322 2723 τής
353 2637 458 2723 μάχης
489 2636 761 2725 ἀναχωρήσαντες
792 2651 860 2706 τῶν
887 2638 1050 2727 Ἑβραίων
1082 2657 1150 2710 τῶν

124 2743 203 2832 Ιμετ’
222 2745 463 2832 Ἁβεσαλώμου,
486 2748 659 2832 γενόμενοι
678 2745 755 2833 παρ’
780 2745 910 2824 ἑαυτοῖς
933 2747 1076 2833 ἕκαστοι,
1100 2753 1150 2816 δι-

134 2852 317 2938 επέμποντο
349 2855 431 2919 κατά
454 2856 580 2936 πόλεις,
611 2854 915 2937 ὑπομιμνήσκοντες
947 2856 1068 2933 αὑτοὺς
1101 2852 1150 2924 ὧν
1163 2865 1187 2906 2⁵

133 2958 352 3045 ηὐεργέτησεν
379 2959 501 3034 αὐτοὺς
527 2959 693 3040 Δαυίδης,
720 2955 775 3021 καὶ
801 2967 860 3041 τῆς
887 2958 1080 3045 ἐλευθερίας
1106 2963 1149 3046 ἣν

135 3065 169 3130 έκ
196 3070 330 3131 πολλῶν
360 3061 415 3128 καὶ
446 3062 598 3146 μεγάλων
626 3063 811 3148 ῥυσάμενος
843 3066 964 3143 αὐτοὺς
994 3068 1150 3154 πολέμων

133 3171 284 3256 παρέσχε,
308 3170 417 3254 <259>
436 3170 641 3254 μεμφόμενοι
661 3167 692 3233 δ’
714 3170 764 3234 ὅτι
783 3181 841 3256 τῆς
859 3176 1027 3256 βασιλείας
1045 3176 1149 3242 αὐτὸν

134 3275 327 3359 ἐκβαλόντες
355 3278 444 3364 άλλῳ
472 3275 595 3358 ταύτην
618 3273 835 3360 ἐνεχείρισαν,
863 3274 917 3342 καὶ
941 3288 1004 3345 νῦν
1027 3288 1148 3367 τεθνη-

132 3383 228 3456 κότος
246 3392 306 3446 τοῦ
324 3380 589 3460 κατασταθέντος
607 3379 662 3449 ὑπ’
680 3381 790 3447 αὐτῶν
808 3382 969 3467 ἡγεμόνος
987 3387 1028 3451 οὐ
1041 3410 1147 3475 παρα·
1161 3405 1187 3444 ³⁰

204 3504 287 3564 §255
308 3528 341 3546 =
360 3509 376 3555 2
396 3504 464 3572 Reg.
484 3504 547 3557 XIX
563 3511 586 3559 6.
