2400 3840
114 164 180 230 310
486 166 758 218 ΑΡΧειοΛοΓΙΑΣ

113 330 213 410 τίσαι,
236 326 459 412 συνεβούλευέ
475 325 503 391 τ’
526 326 639 404 αὐτοῖς
660 325 826 392 ἀπολῦσαι
845 330 1001 406 τούτους
1026 331 1075 406 εἰς
1092 327 1143 411 τὴν

115 437 242 501 οἰκείαν
278 433 432 510 ἀπαθεῖς·
470 433 717 517 ἀπειθήσαντας
753 435 817 517 γὰρ
856 444 907 521 τῷ
945 443 1021 523 θεῷ
1056 437 1144 517 δίκην

114 539 260 625 ὑφέξειν.
306 539 415 623 <250>
439 539 457 605 ό
481 536 519 604 δέ
540 551 608 606 τῶν
623 537 836 625 Ἰσραηλιτῶν
858 543 947 619 λαὸς
966 546 1019 620 εἰς
1039 542 1143 624 ἐκκλη-

115 649 193 711 σίαν
215 647 392 712 συνελθὼν
416 643 627 713 ἐπεσκέπτετο
650 643 727 731 περὶ
748 648 888 712 τούτων.
935 649 1091 727 ἀναστὰς
1112 645 1144 713 δέ

114 776 165 830 τις
185 757 353 838 Βαραχίας
376 754 513 837 ὀνόματι
535 763 603 818 τῶν
626 752 896 837 εὐδοκιμούντων
923 752 964 818 ἐν
989 765 1032 841 τῇ
1057 761 1159 820 πολι-ι

115 862 201 946 τείᾳ,
228 858 284 924 καὶ
312 859 407 924 ἀλλοι
430 856 499 943 μετ’
525 859 629 924 αὐτοῦ
651 870 754 944 τρεῖς,
783 860 900 941 ἔλεγον
926 860 995 925 οὐκ
1020 858 1156 946 ἐπιτρέ-’

114 976 193 1043 ψειν
219 975 290 1040 τοῖς
317 963 467 1040 ὁπλίταις
495 966 684 1047 εἰσαγαγεῖν
711 964 832 1040 αὐτοὺς
860 965 909 1040 εἰς
940 967 1008 1049 τὴν
1037 971 1138 1048 πόλιν,

118 1071 185 1136 ’ἵνα
208 1069 252 1152 μὴ
275 1069 397 1146 πάντες
420 1069 621 1156 ἀπολώμεθα
644 1071 709 1137 ὑπὸ
732 1078 791 1135 τοῦ
814 1076 913 1135 θεοῦ·
946 1075 1061 1154 μόνον
1083 1075 1137 1156 γάρ

115 1176 242 1260 ἀπόχρη
261 1176 298 1240 τὸ
313 1177 396 1261 πρὸς
414 1174 517 1242 αὐτὸν
535 1176 620 1261 ἡμᾶς
639 1175 831 1262 ἐξαμαρτεῖν
849 1176 896 1253 ῶς
915 1178 954 1241 οἰ
971 1189 1135 1264 προφῆται

115 1280 283 1368 λέγουσιν,
306 1281 389 1347 ἀλλά
413 1282 456 1367 μη
475 1285 650 1367 καινότερα
673 1283 800 1348 τούτων
819 1281 1018 1366 ἀσεβήματα
1037 1283 1136 1370 δρᾶν]
1146 1306 1162 1346 ιι

116 1390 235 1474 <251>
263 1386 354 1455 ταῦτ’
385 1388 586 1466 ἀκούσαντες
612 1390 648 1453 οἰ
673 1399 869 1473 στρατιῶται
897 1393 1136 1477 συνεχώρησαν

117 1495 256 1573 ἐκείνοις
274 1508 384 1562 ποιεῖν
403 1495 421 1560 ὃ
441 1496 547 1560 ἐδόκει
566 1493 759 1580 συμφέρειν.
804 1499 1063 1579 παραλαβόντες
1082 1493 1136 1564 οὗν

117 1602 152 1665 οἰ
176 1600 410 1686 προειρημένοι
439 1603 559 1687 ἀνδρες
585 1603 664 1678 τοὺς
691 1602 920 1686 αἰχμαλώτους
951 1604 1082 1670 έλυσάν
1106 1627 1135 1668 τε

116 1705 172 1773 καὶ
196 1706 381 1793 ἐπιμελείας
403 1706 559 1792 ἠξίωσαν,
582 1706 637 1773 καί
661 1709 775 1784 δόντες
794 1705 914 1790 ἐφόδια
933 1710 983 1784 εἰς
1008 1712 1072 1794 την
1095 1713 1135 1776 οἰ-

116 1819 210 1881 κείαν
229 1812 398 1880 ἀπέλυσαν
417 1814 581 1898 ἀβλαβεῖς.
621 1811 722 1880 οὐδδν
741 1811 771 1878 δ’
792 1808 892 1896 ἦττον
909 1810 967 1878 καὶ
986 1815 1136 1902 τέτταρες
1147 1834 1164 1876 ο

116 1923 230 2001 αὐτοῖς
254 1927 437 2006 συνῆλθον,
459 1919 515 1986 καὶ
538 1919 633 2008 μέχρι
648 1919 863 2007 Ἱεριχοῦντος
881 1919 1137 2005 προπέμψαντες

116 2029 177 2093 οὐκ
196 2031 333 2095 ἀπώθεν
351 2041 419 2094 τῶν
433 2026 671 2114 Ἱεροσολύμων
689 2025 895 2112 ἀνέστρεψαν
918 2029 968 2103 εἰς
986 2029 1053 2111 τὴν
1073 2035 1138 2094 Σα-

116 2138 253 2217 μαρείας
275 2135 395 2220 χώραν.

82 2251 98 2298 3
185 2237 294 2320 <252>
311 2236 443 2321 Ἀχάζης
461 2237 492 2302 δ’
512 2240 530 2303 ὁ
550 2241 705 2322 βασιλεὺς
723 2249 826 2304 ταῦτα
844 2239 966 2304 παθών
984 2241 1054 2308 ὑπὸ
1074 2256 1139 2309 τῶν

114 2339 339 2426 Ἰσραηλιτῶν,
362 2340 493 2426 πέμψας
515 2345 598 2427 πρὸς
620 2344 679 2407 τὸν
701 2354 770 2408 τῶν
790 2342 974 2430 Ἀσσυρίων
997 2349 1139 2430 βασιλέα
1151 2369 1172 2408 ιι

120 2448 448 2535 Θεγλαφαλασσάρην
462 2451 651 2534 συμμαχίαν
666 2448 755 2539 αὐτῷ
765 2463 948 2536 παρασχεῖν
956 2457 1139 2537 παρεκάλει

117 2558 201 2643 πρὸς
223 2559 283 2623 τὸν
305 2559 450 2643 πόλεμον
473 2560 532 2623 τὸν
560 2558 643 2643 πρὸς
665 2560 744 2635 τοὺς
764 2555 965 2644 Ἰσραηλίτας
988 2558 1044 2623 καὶ
1071 2564 1141 2626 Σύ-

119 2689 200 2751 ρους
227 2663 282 2730 καί
309 2666 567 2750 Δαμασκηνούς,
599 2665 747 2750 χρηματα
779 2665 885 2728 πολλὰ
913 2664 1035 2729 δώσειν
1064 2668 1140 2733 ὑπι-

119 2773 335 2856 σχνούμενος·
351 2775 474 2857 έπεμψε
489 2770 519 2836 δ’
536 2770 623 2860 αὐτῶ
637 2769 691 2835 καί
705 2771 854 2856 λαμπρὰς
869 2770 1003 2855 δωρεάς.
1028 2772 1141 2856 <253>

120 2876 137 2941 ὃ
162 2876 213 2960 δέ,
241 2891 308 2943 τῶν
331 2877 501 2963 πρέσβεων
525 2875 737 2962 ἀφικομένων
761 2877 806 2953 ώς
829 2876 945 2959 αὐτόν,
973 2870 1032 2958 ἧκε
1055 2879 1139 2962 σύμ-
1154 2898 1175 2938 νε

119 3007 222 3068 μαχος
243 2980 367 3066 Ἁχάζη,
389 2981 444 3047 καί
469 2984 668 3067 στρατεύσας
691 2980 744 3048 ἐπί
767 2984 846 3058 τοὺς
864 2982 1000 3066 Σύρους
1022 2984 1086 3065 τήν
1105 3009 1140 3049 τε

119 3092 232 3175 χώραν
256 3088 367 3153 αὐτῶν
390 3088 556 3173 ἐπόρθησε
582 3085 637 3151 καί
665 3088 727 3170 τὴν
749 3089 931 3173 Δαμασκὸν
954 3090 1036 3153 κατὰ
1059 3092 1139 3174 κρό-

118 3219 175 3272 τος
203 3188 269 3261 εἷλε
296 3190 351 3259 καὶ
378 3195 437 3258 τὸν
465 3191 602 3276 βασιλέα
622 3191 764 3277 Ἀράσην
787 3193 970 3277 ἀπέκτεινε,
997 3198 1077 3272 τοὺς
1101 3194 1139 3261 δέ

119 3302 364 3386 Δαμασκηνοὺς
391 3295 557 3387 ἀπῴκισεν
585 3302 633 3376 εἰς
659 3300 721 3383 τὴν
748 3301 818 3365 ἀνω
841 3302 994 3384 Μηδίαν,
1022 3300 1078 3366 καί
1103 3303 1139 3368 ἐκ

119 3419 187 3471 τῶν
214 3408 327 3474 ἐθνῶν
354 3416 421 3470 τῶν
442 3402 625 3491 Ἀσσυρίων
653 3408 855 3491 μεταστήσας
882 3408 975 3483 τινάς
1002 3409 1050 3483 εἰς
1076 3409 1138 3492 τὴν
1152 3427 1175 3467 ιι

192 3525 449 3593 §25022Pm1
475 3527 591 3582 XXVIII
607 3534 648 3584 12.
721 3529 967 3597 5252=4Reg.
981 3527 1047 3582 XVI
1061 3536 1087 3587 7.

83 3744 227 3778 A
258 3771 262 3777 ,
