2400 3840
497 137 644 189 ΔΕΚΔΤΗ
1010 136 1075 201 321

56 294 211 382 ἀντέχειν
241 299 383 362 πείθετε.
433 299 465 361 εί
495 292 533 361 δὲ
564 291 721 384 θαρρεῖτε
752 295 807 363 καὶ
838 297 900 380 τήν
932 297 1078 381 δύναμιν

55 405 155 488 ἡμῶν
168 403 361 469 ἀπώσεσθαι
374 405 532 487 νομίζετε,
548 404 731 488 δισχιλίους
745 403 780 470 ἐκ
793 413 852 490 τῆς
866 400 938 488 ἐμοὶ
951 405 1077 489 παρού-

56 526 121 592 σης
143 510 246 575 ἵππου
269 508 452 594 ἕτοιμόςί
421 531 488 594 εμι
510 509 592 594 ὑμῖν
613 509 780 642 παρέχειν,
802 502 890 588 οίςί
876 512 1078 596 ἰσαρίθμους

58 613 218 701 ἐπιβάτας
241 616 356 692 δόντες
378 615 580 700 ἐμφανίσατε
602 616 720 698 τήν
682 627 792 682 αιπῶν
811 618 964 701 δύναμιν.
1001 613 1074 681 ἀλλ’

23 743 41 784 σ
58 721 121 787 οὐκ
131 721 173 788 ἀν
183 720 243 798 ους
251 744 288 804 γε
300 721 343 806 μή
354 723 451 805 ἔχετε,
464 722 604 798 τούτους
618 722 737 805 δοίητε.
760 722 889 807 <10>τί
897 730 1077 807 τοιγαροῦν

58 828 242 913 βραδύνετε
259 828 482 913 παραδιδόναι
500 835 588 912 σφᾶς
608 827 731 905 αὐτοὺς
746 838 817 905 τοϊς
834 825 998 915 κρείττοσι
1020 825 1077 892 καὶ

57 930 261 1016 ληψομένοις
282 933 368 1017 ὑμᾶς
385 930 441 997 καὶ
459 932 503 1016 μή
521 929 697 1011 θέλονταςς
719 935 827 1023 καίτοι
846 934 884 998 τὸ
903 930 965 1016 μὲν
983 930 1077 998 ἑκού-

56 1054 136 1104 σιον
149 1047 208 1121 τῆς
220 1038 434 1123 παραδόσεως
448 1034 594 1121 ἀσφαλὲς
607 1037 698 1123 ὑμίν,
711 1040 749 1104 τὸ
764 1036 794 1103 δ’
807 1038 967 1104 ἀκούσιον
979 1044 1076 1104 πολε-

59 1142 240 1228 μουμένοις
257 1143 473 1210 ἐπικίνδυνον
489 1141 545 1209 καὶ
564 1154 748 1230 συμφορῶν
770 1150 878 1211 αίτιον
899 1145 1075 1230 φανεῖταιῖ

11 1270 44 1310 ιο
126 1249 213 1334 <11>
235 1247 327 1315 ταῦτ’
349 1248 550 1326 ἀκούσαντες
572 1249 591 1315 ό
613 1272 648 1315 τε
671 1250 776 1334 δῆμος
796 1248 854 1315 καί
872 1252 907 1317 οί
922 1249 1076 1337 πρέσβεις
1095 1271 1113 1318 3

57 1362 120 1420 τοῦ
152 1363 338 1440 στρατηγοῦ
369 1364 438 1420 τῶν
465 1352 650 1441 Ἀσσυρίων
686 1353 842 1437 λέγοντος
872 1354 1076 1439 ἀπήγγειλαν

55 1460 190 1549 Ἐζεκίᾳ.
226 1457 297 1526 δδδ
309 1461 393 1546 πρὸς
406 1469 509 1527 ταῦτα
527 1462 590 1545 τήν
607 1460 782 1545 βασιλικήν
800 1460 927 1539 ἀποδὺς
939 1460 1077 1546 ἐσθῆτα,

58 1567 310 1651 ἀμφιασάμενος
339 1562 376 1631 δὲ
399 1566 541 1643 σάκκους
562 1564 619 1632 καί
641 1574 749 1651 σχῆμα
771 1568 929 1633 ταπεινὸν
954 1567 1077 1633 ἀναλα-

58 1672 145 1756 βιόν,
169 1681 215 1760 τῷ
237 1675 363 1761 πατρίῳ
386 1675 477 1760 νόμω
501 1673 612 1738 πεσὼν
635 1669 688 1738 ἐπὶ
710 1675 888 1759 πρόσωπον
910 1675 970 1739 τὸν
991 1675 1077 1739 θεὸν

12 1799 42 1840 15
60 1775 255 1861 ίπέτευε,ιια
256 1774 504 1865 ὶβοηθησαι
472 1787 518 1841 τῦ
536 1777 700 1862 μηδεμίαν
713 1779 818 1860 ἀλλην
834 1777 952 1843 ἐλπίδα
967 1781 1076 1862 ἔχοντι

56 1886 225 1969 σωτηρίας
244 1882 422 1968 ήντιβόλει.
467 1882 556 1967 <12>
577 1881 708 1967 πέμψας
734 1878 772 1946 δὲ
797 1881 944 1948 καὶτῶν
966 1886 1076 1967 φίλων

56 1990 153 2066 τινάς
170 1987 225 2054 καὶ
242 1999 311 2055 τῶν
326 1986 442 2074 ίερέων
459 1991 543 2074 πρὸς
553 1986 693 2054 Ἠσαίαν
710 1990 770 2054 τὸν
787 1989 962 2074 προφήτην
980 1987 1077 2071 ήξίον

58 2096 224 2179 δεηθῆναι
246 2103 307 2161 τοῦ
328 2101 424 2178 θεοῦ,
446 2093 502 2159 καὶ
523 2095 748 2180 ποιησάμενον
765 2097 890 2171 θυσίας
910 2092 994 2181 ὑπὲρ
1017 2104 1077 2180 τῆς

57 2209 174 2284 κοινῆς
197 2203 360 2285 σωτηρίας
379 2205 583 2286 παρακαλεῖν
606 2200 708 2266 αῦτὸν
728 2208 906 2286 νεμεσήσαι
924 2198 986 2287 μὲν
1003 2214 1077 2280 ταῖς

11 2327 42 2368 εο
57 2317 127 2378 τῶν
154 2310 322 2390 πολεμίων
350 2304 494 2390 ἐλπίσιν,
526 2305 658 2391 ἐλεῆσαι
691 2303 728 2372 δὲ
759 2308 819 2372 τὸν
850 2308 954 2374 αὑτοῦ
984 2311 1076 2375 λαόν.

57 2412 156 2494 <13>
188 2411 206 2477 δ
236 2408 274 2476 δὲ
303 2413 475 2498 προφήτης
501 2420 605 2478 ταῦτα
631 2415 785 2497 ποιήσας,
814 2417 1077 2500 χρηματίσαντος

58 2517 150 2605 αὐτῷ
172 2525 233 2583 τοῦ
254 2523 353 2599 θεοῦ,
380 2518 636 2604 παρεθάρρυνεν
663 2518 766 2584 αὐτόν
792 2541 828 2582 τε
854 2520 914 2583 τδν
938 2517 1077 2603 βασιλέα

56 2620 216 2700 καὶτοὺς
242 2619 318 2707 περὶ
341 2621 444 2688 αὐτὸν
470 2625 606 2705 φίλους,
632 2619 806 2706 προλέγων
833 2619 973 2705 ἀμαχητὶ
998 2625 1077 2698 τοῦς

56 2731 239 2812 πολεμίους
263 2726 468 2811 ἡττηθέντας
494 2727 722 2812 ἀναχωρήσειν
749 2730 893 2811 αίσχρῶς
917 2723 973 2791 καί
1001 2725 1075 2811 οὐχὶ

12 2853 42 2894 25
57 2831 136 2918 μεθ’
159 2834 233 2898 οίου
256 2843 321 2899 νῦν
344 2831 407 2899 είσί
430 2833 594 2918 θράσους·
617 2832 705 2916 <14>
727 2833 788 2897 τὸν
809 2833 873 2917 γάρ
891 2833 976 2896 θεὸν
995 2853 1076 2918 προ-

57 2950 152 3005 νοείν
180 2939 269 3017 ὅπως
295 2940 519 3024 διαφθαρῶσι.
568 2935 623 3004 καί
653 2937 756 3004 αὐτὸν
786 2933 824 3003 δέ
852 2939 911 3003 τὸν
938 2936 1078 3022 βασιλέα

56 3047 118 3111 τὸν
140 3055 209 3111 τῶν
225 3043 410 3131 Ἀσσυρίων
429 3046 661 3132 Σεναχήρτβον
683 3046 907 3129 διαμαρτόντα
929 3055 997 3110 τῶν
1020 3041 1074 3109 ἐπὶ

56 3152 121 3234 τήν
144 3156 318 3234 Αίγυπτον
339 3150 542 3235 πραγμάτων
567 3147 624 3215 καί
649 3149 913 3236 ἐπανερχόμενον
941 3151 988 3227 είς
1014 3149 1077 3232 τήν

58 3258 187 3322 οίαείαν
210 3255 409 3324 ἀπολεῖσθαι
433 3256 557 3346 σιδήρῳ
580 3257 772 3342 προύλεγεν.

131 3400 177 3460 ευ
197 3421 232 3441 =
251 3394 351 3463 ειυς.
366 3393 458 3449 xvm
472 3398 518 3459 επ
537 3393 589 3449 1es.
608 3393 726 3448 xxxv1
740 3399 765 3449 ε.
838 3399 853 3460 ς
870 3400 902 3448 11
922 3419 956 3439 =
975 3393 1076 3463 ταις.

58 3482 127 3536 XIX
142 3488 170 3548 13
188 3483 242 3539 Ies.
256 3481 386 3536 XXXVII
401 3489 425 3539 1.

113 3581 243 3624 Ιοειειισε.
264 3581 296 3622 IL
891 3577 935 3625 ‘n
