2400 3840
506 133 659 186 αΒΔοαΗ
1048 134 1090 197 99

70 295 211 357 κατόπιν
240 295 418 377 αἰφνιδίως
446 292 611 358 ἐπιπεσὼν
638 305 708 369 τοῖς
736 299 906 378 πολεμίοις
928 298 1007 374 τοὺς
1029 293 1091 380 μὲν

71 399 183 465 αὐτῶν
210 399 380 465 άπέκτεινε
407 403 486 476 τοὺς
514 398 545 463 δ’
572 402 619 476 είς
646 401 761 484 φυγῆν
790 399 956 486 ἐτρέψατο.
1003 404 1091 486 <74>

70 507 223 591 ὑπολάβῃ
242 503 279 571 δὲ
297 504 414 592 μηδεὶς
436 506 554 589 ὀλίγην
571 507 633 590 τῆν
651 517 719 571 τῶν
738 512 974 572 Παλαιστινῶν
993 524 1091 594 στρα-

70 615 146 678 τιάν
174 612 289 678 ἐλθεῖν
317 611 371 679 ἐπὶ
398 616 476 689 τοὺς
495 610 685 699 Ἑβραίους,
715 623 760 702 τῷ
788 614 879 698 τάχει
907 623 965 697 τῆς
993 615 1117 698 ῆττης·

41 717 125 784 εκαί
148 729 194 807 τῷ
218 716 322 803 μηδὲν
346 722 447 806 ἔργον
469 718 698 797 ἐπιδείξασθαι
722 733 879 802 γενναῖον
902 717 986 804 μηδὲ
1009 745 1090 806 μαρ-

69 829 187 911 τυρίας
214 825 309 903 άξιον
332 829 568 911 στοχαζόμενος
596 827 707 892 αὐτῶν
733 827 795 910 τὴν
823 829 1012 913 βραδυτῆτα
1034 825 1091 891 καὶ

68 933 131 1014 τῆν
155 931 341 1016 άγέννειαν,
365 932 449 998 άλλά
468 931 655 1014 γινωσκέτω
675 936 808 1019 Συρίαν
826 931 862 998 θ’
885 934 1016 998 άπασαν
1034 931 1091 998 καὶ

72 1041 236 1121 Φοινίκην
253 1037 309 1102 καὶ
328 1041 411 1125 πρὸς
425 1039 556 1115 τούτοις
579 1036 651 1104 ἄλλ’
669 1041 753 1122 ἔθνη
772 1042 878 1105 πολλὰ
896 1038 952 1105 καὶ
966 1040 1091 1125 μάχιμα

71 1153 312 1231 συστρατεῦσαι
348 1145 462 1222 αὐτοῖς
497 1143 554 1209 καὶ
593 1155 653 1211 τοῦ
690 1145 837 1231 πολέμου
872 1157 1090 1230 κοινωνῆσαι·

28 1275 57 1314 10
71 1251 159 1334 <75>
182 1251 199 1317 ὃ
223 1249 279 1317 καὶ
302 1253 407 1335 μόνον
429 1246 472 1334 ἦν
495 1257 605 1317 αίτιον
627 1252 823 1329 τοσαυτάκις
850 1254 964 1330 αὐτοῖς
992 1278 1090 1318 νικω-

72 1355 183 1440 μένοις
205 1357 261 1422 καὶ
279 1359 404 1434 πολλὰς
422 1357 629 1442 άποβαλοῦσι
652 1359 817 1445 μυριάδας
839 1361 918 1444 μετά
941 1363 1092 1443 μείζονος
1129 1395 1130 1399 ,

72 1461 198 1528 ἐπιέναι
226 1474 296 1540 τοῖς
315 1461 481 1549 Ἑβραίοις
508 1464 690 1548 δυνάμεως.
735 1463 847 1549 ἀμέλει
878 1463 933 1528 καὶ
955 1466 1091 1543 ταύταις

69 1573 267 1646 πταίσαντες
289 1583 362 1646 ταῖς
385 1571 504 1653 μάχαις
521 1574 703 1660 τριπλασίῳ
724 1580 851 1659 στρατῷ
875 1570 1025 1655 έπῆλθον
1043 1581 1089 1661 τῷ

68 1677 203 1760 Δαυίδη
221 1675 277 1741 καὶ
297 1679 344 1754 είς
362 1677 462 1742 ταύτὸ
476 1681 601 1763 χωρίον
616 1677 967 1764 ἐστρατοπεδεύσαντο.
1002 1680 1090 1762 <76>

29 1805 56 1846 15
69 1782 172 1847 πάλιν
196 1779 234 1847 δὲ
256 1792 316 1849 τοῦ
340 1781 501 1867 βασιλέως
523 1794 591 1848 τῶν
612 1780 823 1869 Ἰσραηλιτῶν
847 1783 1008 1870 ἐρομένου
1031 1786 1090 1849 τὸν

70 1891 154 1954 θεὸν
176 1887 334 1975 περὶτῆς
361 1887 438 1975 περὶ
466 1889 528 1971 τῆν
555 1889 663 1973 μάχην
687 1888 818 1972 ἐξόδου,
846 1890 1047 1975 προφητεύει
1071 1890 1090 1955 ὁ

71 1994 243 2080 ἀρχιερεὺς
267 1994 303 2060 έν
326 2007 396 2072 τοϊς
419 1997 534 2061 άλσεσι
553 2007 623 2071 τοῖς
645 1993 863 2079 καλουμένοις
880 1998 1091 2078 Κλαυθμῶσι

69 2099 219 2185 κατέχειν
242 2102 303 2185 τῆν
322 2102 491 2188 στρατιάν,
514 2101 575 2167 ούκ
598 2103 735 2166 άπωθεν
757 2097 819 2185 μὲν
842 2096 917 2167 οὖσι
940 2111 1000 2167 τοῦ
1022 2113 1090 2167 τῶν

69 2211 238 2292 πολεμίων
261 2208 503 2295 στρατοπέδου,
531 2220 639 2274 κινεῖν
662 2206 693 2272 δ’
720 2208 822 2273 αὐτὸν
845 2208 889 2294 μῆ
916 2212 1091 2296 πρότερον,

27 2337 54 2376 εο
69 2313 148 2399 μηδ’
174 2317 336 2402 άρχεσθαι
359 2325 418 2399 τῆς
440 2314 555 2401 μάχης,
578 2313 659 2402 πρὶν
681 2313 702 2398 ῆ
724 2317 765 2380 τά
785 2317 869 2399 άλση
888 2318 1090 2383 σαλεύεσθαι

69 2422 114 2505 μὴ
138 2421 297 2499 πνέοντος
326 2420 461 2506 άνέμον.
507 2423 595 2506 <77>
618 2422 663 2499 ὡς
686 2419 717 2486 δ’
745 2421 910 2505 ἐσαλεύθη
937 2425 977 2487 τά
1005 2425 1089 2504 άλση

69 2526 126 2593 καὶ
150 2528 168 2594 δ
190 2528 305 2614 καιρὸς
329 2527 369 2593 δν
393 2529 481 2615 αὐτῷ
504 2541 663 2615 προεῖπεν
686 2527 705 2592 ὁ
732 2529 813 2604 θεὸς
835 2537 960 2612 παρῆν,
989 2525 1090 2593 οὐδὲν

70 2634 214 2720 ἐπισχὼν
247 2633 300 2720 ἐφ’
337 2634 471 2718 ἑτοίμην
509 2634 574 2716 ῆδη
605 2631 662 2698 καὶ
694 2634 845 2717 φανεράν
877 2630 996 2715 ἐξῆλθε
1028 2634 1089 2715 τῆν
1153 2623 1157 2630 “

69 2746 176 2826 νίκην.
232 2741 272 2807 οὐ
309 2744 372 2827 γάρ
404 2739 587 2825 ὑπέμειναν
622 2738 725 2803 αὐτὸν
757 2739 794 2801 αί
823 2747 891 2801 τῶν
922 2741 1090 2820 πολεμίων

27 2869 53 2909 25
69 2849 248 2933 φάλαγγες,
275 2846 346 2914 ἀλλ’
373 2848 478 2923 εὐθύς
500 2846 564 2912 άπὸ
587 2852 647 2929 τῆς
669 2845 800 2929 πρώτης
823 2847 991 2928 συμβολῆς
1012 2866 1089 2929 τρα-

68 2955 190 3032 πέντας
214 2953 356 3020 ἐνέκειτο
379 2958 528 3020 κτείνων.
573 2950 628 3017 καί
652 2952 764 3016 διώκει
788 2947 850 3035 μὲν
868 2950 990 3027 αὐτοὺς
1012 2951 1088 3036 άχρι

69 3065 196 3139 πόλεως
220 3063 378 3148 Γαζάρων
401 3059 436 3147 (ῆ
461 3058 492 3125 δ’
520 3057 610 3125 ἐστὶν
633 3061 712 3145 ὅρος
741 3059 853 3124 αὐτῶν
874 3068 933 3141 τῆς
954 3055 1088 3143 χώρας),

69 3165 140 3233 εἶτα
172 3169 357 3255 διαρπάσας
379 3166 500 3252 [αὐτῶν
536 3167 598 3251 τῆν
619 3163 858 3254 [παρεμβολῆν,
893 3161 949 3229 καὶ
981 3166 1089 3228 πολὺν

69 3275 179 3360 εὑρὼν
212 3276 248 3341 ἐν
277 3275 360 3360 αὐτῆ
388 3280 549 3357 πλοῦτον,
580 3272 636 3338 καὶ
663 3276 742 3350 τοὺς
769 3275 872 3348 θεοὺς
899 3271 1009 3335 αὐτῶν
1039 3271 1088 3334 δι’

28 3403 56 3443 ιο
71 3379 241 3469 έφθειρεν.

145 3509 209 3570 §75
229 3531 263 3548 =
283 3504 382 3572 2Reg.
401 3503 491 3571 v22;
513 3501 779 3560 1ParaLXN13.

913 3588 957 3644 νχῖε
