2400 3840
552 176 677 228 ΟΓΔΟΗ
810 169 812 173 ’
1056 174 1120 238 251

104 333 300 408 πεδευκότες
326 332 505 418 ἡσύχαζον,
536 343 575 420 τῇ
604 332 634 400 δ’
665 336 788 421 ὑστάτη
814 336 943 401 τούτων
969 335 1034 400 ὑπὸ
1062 337 1122 401 τὸν

105 442 234 524 ὄρθρον
264 443 501 524 προελθόντων
529 440 564 506 ἐκ
590 450 651 506 τοῦ
679 440 903 528 στρατοπέδου
931 452 999 506 τῶν
1025 448 1121 506 πολε-

103 548 191 629 μίων
221 543 276 610 καί
308 545 588 631 παραταξαμένων
621 550 669 625 είς
700 548 808 634 μάχην
840 546 1038 631 ἀντεπεξῆγε
1065 545 1121 612 καί

92 650 238 735 ’Ἁχαβος
269 652 331 734 τήν
358 655 485 718 οἰκείαν
513 654 665 737 δύναμιν.
711 655 820 737 <383>
848 651 903 718 καί
931 653 1120 736 συμβαλών,

54 783 70 824 5
100 768 264 844 καρτεροῖς
294 767 353 843 τής
383 760 489 851 μάχης
516 760 709 845 γενομένης,
741 758 893 846 τρέπεται
919 762 997 836 τοὺς
1024 764 1120 824 πολε-

101 868 201 949 μίους
229 868 276 941 είς
301 866 414 949 φυγήν
435 864 491 931 καὶ
515 868 645 932 διώκων
668 865 809 932 ένέκειτο
832 869 980 933 κτείνων.
1027 869 1062 930 οἳ
1083 862 1120 930 δὲ

100 968 158 1034 καὶ
190 971 255 1035 ὑπὸ
288 980 355 1035 τῶν
387 971 543 1057 δερμάτων
574 970 629 1036 καὶ
660 971 717 1038 ὑπ’
752 972 905 1055 ἀλλήλων
937 973 1119 1055 ἀπώλοντο,

102 1081 244 1159 ίσχυσαν
277 1074 308 1139 δ’
338 1077 445 1160 ὀλίγοι
478 1079 658 1162 διαφυγεῖν
688 1081 735 1156 εἰς
762 1080 824 1162 τήν
852 1077 993 1162 Ἀφεκάν
1019 1081 1119 1143 πόλιν

100 1181 222 1246 αὐτῶν.
247 1182 356 1266 <384>
369 1182 542 1249 ἀπέθανον
561 1181 599 1248 δὲ
613 1182 669 1250 καὶ
683 1182 779 1250 αὐτοὶ
792 1194 860 1249 τῶν
873 1195 992 1268 τειχῶν
1006 1185 1120 1262 αὐτοῖς

54 1312 86 1353 ιο
102 1287 342 1373 ἐπιπεσόντων,
370 1292 463 1367 όντες
491 1291 661 1376 δισμύριοι
684 1289 930 1375 ἑπτακισχίλιοι.
977 1291 1119 1374 διεφθά-

101 1411 209 1479 ρησαν
237 1393 267 1458 δ’
293 1394 331 1459 έν
359 1394 467 1481 ἐκείνη
489 1405 529 1481 τῇ
552 1397 640 1482 μάχη
663 1399 760 1462 ἄλλαι
783 1397 942 1482 μυριάδες
965 1395 1053 1461 δέκα.
1100 1397 1117 1462 ὁ

102 1497 142 1564 δὲ
168 1504 323 1583 βασιλεὺς
350 1511 417 1567 τῶν
441 1504 565 1587 Σύρων
585 1502 729 1580 ’Ἁδαδος
755 1504 891 1587 φεύγων
913 1503 994 1587 μετὰ
1016 1513 1119 1567 τινών

99 1607 307 1671 πιστοτάτων
330 1609 467 1673 οίκετών
486 1611 534 1684 είς
551 1609 710 1689 ὑπόγειον
728 1603 822 1673 οἷκον
841 1606 972 1693 ἐκρύβη.
1009 1609 1117 1690 <385>

100 1713 229 1778 τούτων
255 1709 292 1776 δὲ
315 1715 579 1798 φιλανθρώπους
601 1711 656 1777 καὶ
680 1712 858 1797 ἐλεήμονας
881 1708 967 1778 εἶναι
992 1715 1118 1798 φησάν-

54 1841 84 1883 15
99 1842 169 1883 των
195 1822 274 1895 τοὺς
300 1830 368 1883 τών
391 1816 604 1905 Ἰσραηλιτῶν
626 1817 800 1903 βασιλέας,
827 1818 883 1883 καί
911 1820 1117 1900 δυνήσεσθαι

98 1934 146 2012 τῷ
175 1926 317 2007 συνήθει
344 1928 454 2014 τρόπῳ
477 1933 537 2007 τῆς
560 1926 699 2001 ἱκετείας
721 1923 948 2010 χρησαμένους
970 1925 1032 2007 τήν
1055 1940 1117 1988 σω-

97 2034 220 2117 τηρίαν
252 2032 341 2120 αὐτῷ
372 2030 451 2117 παρ’
478 2029 618 2116 Ἀχάβου
651 2033 781 2115 λαβεῖν,
813 2033 844 2096 εί
873 2032 1118 2115 συγχωρήσειεν

99 2137 215 2214 αὐτοῖς
241 2140 325 2223 πρὸς
347 2138 450 2202 αὐτὸν
473 2137 649 2222 ἀπελθεῖν,
676 2137 814 2220 ἀφῆκεν.
859 2140 895 2201 οἳ
916 2133 953 2202 δὲ
976 2135 1118 2213 σάκκους

100 2242 320 2327 ἐνδυσάμενοι
356 2242 411 2308 καὶ
448 2247 583 2328 σχοινία
609 2256 683 2322 ταῖς
712 2250 873 2329 κεφαλαῖς
903 2241 1117 2329 περιθέμενοι

54 2372 84 2413 εο
101 2347 203 2435 (οὕτω
223 2351 342 2436 γάριλτὸ
360 2352 504 2415 παλαιὸν
523 2349 672 2417 ἱκέτευον
690 2351 725 2416 οί
737 2349 859 2437 Σύροι)
879 2352 963 2436 πρὸς
972 2349 1117 2433 ’Ἁχαβον

99 2455 337 2541 παρεγένοντο,
369 2455 424 2521 καὶ
452 2457 586 2521 δεῖσθαι
612 2457 673 2522 τὸν
695 2454 843 2522 ’Ἆδαδον
871 2457 987 2534 σώζειν
1015 2456 1117 2520 αὐτὸν

99 2565 226 2646 έλεγον,
250 2566 298 2639 είς
320 2561 372 2626 ἀεὶ
394 2563 517 2626 δοῦλον
536 2562 639 2626 αὐτοῦ
657 2571 715 2645 τῆς
732 2563 867 2647 χάριτος
885 2563 1117 2643 γενησόμενον.

100 2668 243 2752 <386>δ
263 2664 300 2732 δὲ
319 2668 525 2751 συνήδεσθαι
544 2666 653 2749 φήσας
671 2665 759 2752 αὐτῷ
777 2667 926 2752 περιόντι
944 2663 999 2729 καὶ
1013 2661 1117 2747 μηδὲν

100 2772 138 2838 ἐν
165 2782 205 2858 τῇ
233 2775 320 2859 μάχη
346 2775 546 2856 πεπονθότι,
573 2771 673 2855 τιμήν
700 2768 755 2835 καὶ
779 2771 914 2835 εύνοιαν
936 2769 979 2852 ἣν
1002 2771 1044 2833 άν
1067 2793 1118 2847 τις

56 2898 86 2940 ετ
101 2879 235 2967 ἀδελφῷ
258 2881 422 2967 παράσχοι
444 2880 730 2961 κατεπηγγείλατο.
767 2879 926 2961 λαβόντες
944 2873 975 2939 δ’
997 2876 1118 2961 ὅρκους

99 2985 179 3069 παρ’
206 2987 309 3052 αὐτοῦ
337 2984 441 3072 μηδὲν
466 2985 638 3069 ἀδικήσειν
661 2980 824 3067 φανέντα,
851 2983 1035 3068 προάγουσι
1058 3004 1118 3047 πο-

101 3090 280 3175 ρευθέντες
312 3090 348 3156 έκ
376 3100 437 3156 τοῦ
465 3097 559 3155 οῖ’κου
587 3089 624 3155 ἐν
652 3083 679 3178 ᾧ
707 3086 903 3174 ἐκέκρυπτο,
934 3085 989 3152 καί
1016 3106 1118 3173 προσ-

101 3196 221 3278 άγουσι
257 3206 302 3283 τῷ
336 3194 462 3284 Ἀχάβῳ
496 3193 548 3279 ἐφ’
584 3197 728 3280 ἀρματος
759 3191 978 3281 καθεζομένῳ.
1030 3193 1047 3258 ὃ
1082 3191 1119 3259 δὲ

100 3303 349 3387 προσεκύνησεν
377 3302 487 3367 αὐτόν.
533 3299 643 3384 <387>
666 3300 808 3385 ’Ἁχαβος
831 3297 869 3365 δὲ
892 3299 1008 3376 διδούς
1030 3299 1119 3388 αὐτῷ

57 3427 86 3466 ³0
101 3409 163 3491 τήν
187 3407 299 3486 δεξιὰν
322 3408 520 3492 ἀνεβίβασεν
543 3405 597 3472 ἐπὶ
620 3409 658 3472 τὸ
682 3408 784 3493 άρμα,
814 3403 869 3471 καὶ
892 3407 1120 3489 καταφιλήσας

174 3534 256 3594 ςεεε
277 3527 553 3596 =3Reg.xx29.
