2400 3840
496 105 498 108 ’
552 137 674 187 ENATH
1055 134 1121 199 265

106 293 244 379 ἐσέβετο.
281 290 324 378 ήυ
339 292 376 360 δέ
389 289 492 360 τάλλα
507 296 722 380 δραστήριος,
749 297 836 378 <28>
850 295 921 360 κατ’
939 296 1067 362 ἐκεῖνον
1086 293 1123 361 δὲ

105 404 165 466 τὸν
186 402 304 486 καιρὸν
324 399 439 478 Ἠλίας
462 400 495 479 ἐξ
518 400 709 487 ἀνθρώπων
730 402 916 486 ήφανίσθή,
938 399 993 466 καὶ
1013 400 1124 478 οὐδεὶς

106 510 190 590 έγνω
211 507 307 593 μέχρι
326 515 384 591 τῆς
403 509 547 592 σήμερον
566 508 670 573 αὐτοῦ
688 508 749 590 τήν
767 510 932 590 τελευτήν.
970 508 1124 592 μαθητήν

106 611 137 677 δ’
156 611 343 679 Ἐλισσαῖον
365 612 549 697 κατέλιπεν,
572 614 618 691 ώς
640 612 696 679 καὶ
718 617 882 699 πρότερον
903 614 1123 698 ἐδηλώσαμεν.

75 717 180 805 ιπερὶ
204 719 318 803 μεύτοι
341 718 372 803 γ’
396 717 492 785 Ἠλία
520 718 575 785 καὶ
595 718 740 812 Ἐνώχου
767 729 827 786 τοῦ
855 718 1037 805 γενομένου
1059 722 1123 805 πρὸ

103 834 163 908 τής
186 824 368 910 ἐπομβρίας
391 825 428 891 έν
445 837 518 903 ταῖς
537 827 642 911 ίεραῖς
661 825 906 911 ἀναγέγραπται
925 830 1054 911 βίβλοις
1073 827 1124 891 ὅτι

104 935 285 1014 γεγόνασιν
309 931 460 1016 ἀφανεῖς,
482 932 633 998 θάνατον
656 930 687 997 δ’
709 933 820 998 αὐτῶν
843 932 954 1010 οὐδεὶς
976 927 1078 997 οἶδεν.

173 1039 260 1122 (29)
279 1040 482 1123 παραλαβών
500 1035 538 1104 δέ
555 1039 617 1121 τήν
635 1041 807 1122 βασιλείαν
819 1038 974 1125 Ἰώραμος
993 1037 1046 1104 ἐπὶ
1065 1041 1124 1104 τὸν
1142 1038 1162 1103 3

104 1148 299 1227 Μωαβιτῶν
332 1147 417 1227 ἐγνω
449 1146 641 1230 στρατεύειν
672 1144 824 1228 βασιλέα,
856 1149 974 1210 Μισάν
1006 1146 1123 1228 ὄνομα·

61 1275 90 1314 10
104 1258 166 1314 τοῦ
194 1252 256 1335 γάρ
284 1250 434 1334 ἀδελφοῦ
467 1251 584 1334 αὐτοῦ,
616 1251 731 1328 καθώς
761 1255 977 1336 προείπομεν,
1010 1253 1125 1334 ἔτυχεν

104 1355 260 1438 ἀποστάς,
284 1359 412 1441 φόρους
433 1361 539 1422 τελῶν
553 1355 680 1445 Ἀχάβφ
703 1366 749 1444 τῷ
766 1353 867 1442 πατρὶ
885 1357 988 1421 αὐτοῦ
1007 1356 1125 1441 μυριά-

106 1463 168 1539 δας
197 1468 301 1527 εἴκοσι
335 1462 513 1547 προβάτων
546 1465 610 1528 σὺν
644 1471 714 1539 τοῖς
743 1464 867 1539 πόκοις.
917 1461 1013 1546 <30>
1048 1479 1126 1527 συν-

106 1571 271 1652 αθροίσας
300 1563 362 1634 οὖν
389 1568 451 1650 τήν
480 1569 607 1633 οἰκείαν
635 1568 779 1652 δύναμιν
801 1569 930 1652 ’έπεμψε
960 1565 1016 1632 καὶ
1043 1569 1127 1653 πρὸς

101 1672 320 1757 Ἰωσάφατον,
347 1679 548 1759 παρακαλῶν
575 1674 692 1757 αὐτόν,
719 1671 790 1738 έπεὶ
817 1677 916 1757 φίλος
938 1671 994 1738 ἀπ’
1023 1673 1125 1756 άρχής

62 1801 90 1842 ιι
105 1780 254 1865 ὑπῆρχεν
272 1781 376 1845 αὐτοῦ
394 1789 439 1868 τῷ
457 1782 568 1865 πατρί,
587 1787 796 1864 συμμαχῆσαι
816 1782 961 1863 πόλεμον
976 1777 1029 1843 έπὶ
1048 1783 1127 1856 τοὺς

106 1890 291 1970 Μωαβίτας
318 1884 472 1969 ἐκφέρειν
502 1883 671 1970 μέλλοντι,
701 1884 907 1961 ἀποστάντας
936 1885 1039 1949 αὐτοῦ
1068 1893 1127 1968 τῆς

107 1995 286 2076 βασιλείας.
332 1991 350 2057 δ
376 1989 406 2056 δ’
432 1991 473 2056 οὐ
496 1993 602 2075 μόνον
624 1991 724 2067 αὐτὸς
746 1992 929 2074 βοηθήσειν
956 1988 1127 2075 ὑπέσχετο,

106 2098 192 2163 ἀλλά
215 2097 270 2163 καὶ
294 2100 354 2163 τὸν
370 2095 566 2182 Ἰδουμαίων
588 2095 726 2182 βασιλέα
749 2097 1024 2179 συναναγκάσειν,
1047 2099 1127 2162 ὄντα

107 2202 168 2286 ὑφ’
186 2202 316 2288 ἑαυτόν,
330 2204 648 2289 συστρατεύσασθαι.
684 2203 771 2286 <31>
783 2200 939 2289 ’Ἰώραμος
952 2201 1000 2286 δέ,
1019 2205 1127 2269 τοιού-

65 2332 95 2372 20
110 2334 178 2376 των
197 2307 333 2397 (ὄντων)
356 2310 445 2398 αὐτῷ
468 2321 536 2376 τῶν
553 2308 631 2395 παρ’
649 2308 854 2394 Ἰωσαφάτου
876 2308 1028 2395 περὶτῆς
1047 2327 1128 2395 συμ-

111 2420 230 2501 μαχίας
255 2415 501 2501 κομισθέντων,
533 2416 711 2500 ἀναλαβών
742 2417 804 2499 τήν
835 2418 938 2482 αὑτοῦ
971 2417 1129 2502 στρατιάν

109 2517 190 2605 ήκεν
214 2524 262 2599 είς
281 2520 506 2607 Ἱεροσόλυμα,
532 2519 588 2586 καὶ
612 2519 777 2598 ξενισθεὶς
801 2527 958 2607 λαμπρῶς
979 2523 1044 2588 ὑπὸ
1068 2531 1128 2587 τοῦ

110 2625 272 2712 βασιλέως
299 2638 367 2693 τῶν
390 2617 677 2712 Ἱεροσολυμιτῶν,
710 2625 811 2703 δόξαν
838 2626 951 2702 αὐτοῖς
983 2628 1039 2691 διά
1070 2636 1129 2711 τῆς

111 2733 236 2818 ἐρήμου
259 2743 317 2817 τῆς
335 2731 522 2818 Ἰδουμαίας
544 2732 749 2813 ποιήσασθαι
771 2731 833 2813 τήν
856 2732 1052 2817 ὁδοιπορίαν
1076 2730 1129 2797 ἐπὶ

66 2860 95 2901 25
109 2844 189 2918 τοὺς
215 2844 394 2926 πολεμίους
422 2837 478 2924 (οὐ
510 2839 573 2924 γάρ
601 2838 843 2923 προσδοκήσειν
874 2837 996 2913 αὐτοὺς
1027 2838 1130 2921 ταύτῃ

109 2949 310 3028 ποιήσεσθαι
332 2947 393 3028 τήν
417 2942 556 3030 έφοδον)
581 2945 738 3029 ὥρμησαν
761 2944 797 3008 οί
817 2955 905 3028 τρεῖς
928 2947 1076 3028 βασιλεῖς
1094 2941 1130 3008 ἐκ

109 3062 178 3117 τῶν
197 3051 451 3138 Ἱεροσολύμων,
478 3052 496 3117 ὅ
518 3074 554 3117 τε
576 3051 705 3116 τούτων
727 3050 839 3116 αὐτῶν
860 3048 916 3116 καὶ
939 3050 957 3115 ὁ
980 3058 1039 3133 τῆς
1061 3053 1130 3112 Σα-

110 3161 248 3244 μαρείας
271 3156 326 3224 καλ
351 3159 369 3224 δ
392 3167 451 3242 τῆς
470 3155 665 3241 Ἰδουμαίας.
711 3158 798 3239 <32>
823 3153 879 3222 καὶ
901 3156 1130 3230 κυκλώσαντες

106 3262 192 3330 ’ἕπτά
215 3265 348 3351 ήμερῶν
372 3265 454 3331 ὁδὸν
477 3266 524 3340 είς
543 3263 686 3349 ἀπορίαν
703 3262 826 3338 ὕδατος
847 3272 918 3338 τοῖς
940 3285 976 3326 τε
997 3262 1130 3343 κτήνεσι

67 3389 96 3429 ³⁰
110 3369 166 3435 καὶ
190 3379 229 3456 τή
254 3380 389 3459 στρατιᾷ
416 3368 650 3455 περιέστησαν,
675 3365 917 3450 πλανηθέντων
944 3369 1002 3445 τάς
1030 3368 1130 3444 ὁδοὺς

185 3492 519 3562 §28=4Reg.1111.
592 3489 929 3559 §29=4Reg.m
