2400 3840
554 137 679 189 ουΔοΗ
1058 137 1125 202 207

104 293 257 377 ἀληθοῦς
288 297 426 379 πεύκης,
459 294 529 362 ἐπεὶ
561 298 618 363 διὰ
645 297 706 380 τήν
732 306 793 364 τοῦ
821 296 981 384 βασιλέως
1008 300 1123 383 χρείαν

105 399 320 486 ἐμνήσθημεν
351 401 468 487 αύτής,
501 403 656 490 εύκαιρον
683 399 769 470 εἶναι
796 403 852 470 καὶ
879 405 1123 491 φιλάνθρωπον

105 508 254 589 δηλῶσαι
272 511 469 592 νομίσαντες
487 512 675 595 εἰρήκαμεν·
700 511 810 604 (119)
828 510 847 577 δ
866 507 904 576 δὲ
922 518 982 576 τοῦ
995 517 1121 597 χρυσοῦ
1140 532 1162 580 κ

104 615 256 697 σταθμὸς
283 623 343 680 τοῦ
370 614 591 700 κομισθέντος
613 615 702 707 αύτῷ
724 617 870 684 τάλαντα
893 615 1045 696 ἑξακόσια
1066 605 1122 682 καὶ

67 745 85 800 ,ι
103 717 263 802 ἑξήκοντα
286 718 330 803 ἐξ,
353 720 398 804 μή
422 720 800 809 συγκαταριθμουμένου
819 720 875 788 καὶ
892 731 953 788 τοῦ
970 723 1036 789 ὑπὸ
1054 733 1122 788 τῶν

103 825 260 910 ἐμπόρων
279 825 480 912 ὠνηθέντος,
498 827 576 913 μηδ’
597 823 646 894 ὧν
663 830 699 894 οί
714 837 773 914 τής
789 815 942 917 Ἀραβίας
959 829 1120 916 τοπάρχαι

102 928 159 996 καὶ
187 935 334 1015 βασιλεῖς
362 935 508 1018 έπεμπον
531 934 620 1024 αὐτῷ
643 935 771 1022 δώρων.
818 933 978 1021 ἐχώνευσε
1002 931 1040 1000 δέ
1061 936 1121 1000 τὸν

100 1041 230 1123 χρυσὸν
248 1041 296 1116 είς
315 1039 495 1106 διακοσίων
512 1041 719 1124 κατασκευήν
736 1047 882 1128 θυρεῶν,
903 1041 967 1107 ἀνὰ
986 1045 1121 1119 σίκλους

101 1144 255 1227 ἀγόντων
287 1142 487 1224 ἑξακοσίους.
533 1148 644 1232 <180>
672 1145 804 1231 ἐποίησε
832 1145 869 1214 δέ
895 1145 951 1214 καί
978 1148 1124 1225 ἀσπίδας

54 1276 85 1317 ιο
100 1254 308 1336 τριακοσίας,
331 1251 477 1336 ἀγούσης
499 1249 637 1337 ἕκάστης
659 1263 743 1339 μνῖις
764 1257 907 1340 χρυσίου
930 1266 1027 1341 τρεῖς.
1063 1253 1120 1320 ἀν-

101 1355 205 1439 έθηκε
232 1353 271 1422 δέ
296 1359 418 1436 ταύτας
443 1356 557 1446 φέρων
584 1362 632 1437 είς
659 1362 719 1427 τὸν
746 1356 840 1427 οίκον
866 1362 926 1426 τὸν
948 1365 1123 1444 Δρνμωνα
1168 1378 1171 1383 “

100 1464 256 1546 Λιβάνου
282 1466 499 1550 καλούμενον.
545 1465 587 1532 ού
609 1467 675 1552 μην
698 1463 860 1533 ἀλλὰκαὶ
882 1467 923 1531 τδι
946 1464 1123 1550 ἐκπώματα

100 1570 160 1634 διὰ
189 1579 315 1657 χρυσοῦ
341 1568 398 1636 καὶ
425 1575 528 1638 λίθον
554 1574 595 1639 τδι
622 1574 705 1660 πρὸς
731 1573 793 1657 τήν
820 1571 968 1639 ἑστίασιν
995 1572 1041 1650 ὡς
1068 1573 1125 1637 ένι7

99 1676 243 1760 μάλιστα
271 1675 475 1762 φιλοτέχνως
500 1680 732 1763 κατεσκεύασε,
758 1677 814 1744 καὶ
839 1680 901 1763 τήν
923 1679 1029 1763 ἀλλην
1051 1688 1120 1743 τῶν

53 1806 83 1848 15
100 1793 233 1848 σκευῶν
250 1783 427 1861 δαψίλειαν
437 1794 573 1872 ,χρυσήν
592 1786 723 1851 ἅπασαν
741 1783 978 1870 ἐμηχανήσατο.
1010 1784 1119 1867 <181>

99 1885 205 1955 οὐδέν
222 1890 285 1976 γάρ
303 1885 348 1975 ήν
366 1892 385 1958 ὅ
403 1915 435 1958 τι
454 1892 588 1982 ἀργύρῳ
607 1891 808 1978 ἐπίπρασκεν
826 1890 962 1974 ήπάλιν
976 1888 1125 1955 ἐωνεῖτο,

99 1993 223 2061 πολλαὶ
249 1997 313 2084 γὰρ
339 1992 427 2082 ήσαν
452 2006 531 2082 νήες
558 1998 598 2076 ἃς
625 1998 644 2065 δ
670 2000 825 2081 βασιλεὺς
848 1995 885 2062 ἐν
906 2005 946 2082 πή
974 1999 1122 2081 Ταρσικῇ

99 2100 264 2188 λεγομένη
284 2105 433 2190 θαλάττη
450 2108 656 2189 καταστήσας
674 2104 812 2189 ἀγαγεῖν
830 2106 878 2181 είς
896 2105 937 2169 τὰ
956 2099 1119 2188 ἐνδοτέρω
1153 2111 1154 2114 ’

99 2217 170 2272 τῶν
197 2206 310 2274 ἐθνῶν
336 2213 500 2276 παντοίαν
527 2210 689 2298 ἐμπορίαν
715 2208 928 2296 προσέταξεν·
956 2203 1005 2275 ὧν
1029 2206 1119 2293 ἐξεμ

56 2337 85 2378 20
99 2312 319 2399 πωλουμένων
343 2317 490 2403 ἀργυρος
510 2314 566 2383 καὶ
588 2318 711 2405 χρυσὸς
734 2314 897 2401 ἐκομίζετο
920 2323 966 2404 τῷ
989 2318 1127 2398 βασιλεῖ’

99 2417 157 2485 καί
170 2423 276 2498 πολὺς
288 2419 409 2511 ἐλέφας
417 2421 583 2502 Αἰθίοπές
596 2447 631 2490 τε
644 2420 700 2490 καί
713 2425 863 2507 πίθηκοι.
885 2424 945 2489 τὸν
959 2417 997 2487 δέ
1010 2426 1118 2487 πλοῦν

100 2525 264 2592 ἀπιοῦσαί
292 2550 330 2593 τε
358 2525 415 2593 καὶ
442 2527 701 2615 ἐπανερχόμεναι
730 2526 840 2614 τρισὶν
867 2529 975 2593 ἐτεσιν
1001 2527 1117 2609 ήννον.

168 2634 279 2718 <182>
297 2635 390 2719 φήμη
409 2631 447 2700 δέ
466 2635 598 2720 λαμπρὰ
615 2643 725 2700 πᾶσαν
743 2632 781 2699 ἐν
798 2633 908 2721 κύκλφ
926 2631 988 2715 τήν
1005 2633 1117 2718 χώραν
1135 2649 1158 2698 ο

100 2741 295 2826 περιήρχετο
323 2741 493 2826 διαβοῶσα
519 2740 581 2823 τήν
603 2745 806 2823 Σολομῶνος
833 2736 954 2822 ἀρετήν
979 2732 1035 2799 καὶ
1063 2751 1118 2801 σο-

60 2865 86 2907 ετ
100 2849 200 2931 φίαν,
232 2832 278 2924 ὡς
308 2848 387 2924 τούς
418 2870 454 2912 τε
484 2853 656 2930 πανταχοῦ
683 2842 839 2930 βασιλέας
866 2841 1043 2927 ἐπιθυμεῖν
1070 2844 1118 2918 είς

100 2956 182 3032 ὄψιν
198 2953 287 3042 αὐτῷ
301 2950 560 3040 παραγενέσθαι,
578 2962 649 3030 τοῖς
662 2949 854 3036 λεγομένοις
868 2946 913 3015 δι’
928 2947 1118 3033 ὑπερβολήν

101 3058 334 3144 ἀπιστοῦντας,
351 3056 407 3124 καὶ
426 3060 567 3147 δωρεαῖς
584 3057 742 3143 μεγάλαις
759 3047 1038 3144 προσεμφανίζειν
1056 3054 1117 3145 την
1167 3087 1175 3103 ·

99 3163 177 3253 περὶ
201 3165 304 3232 αὐτὸν
327 3167 487 3250 σπουδήν.
523 3166 633 3251 <183>
656 3167 802 3250 έπεμπον
824 3165 887 3249 γὰρ
909 3160 998 3248 αὐτῷ
1016 3161 1117 3244 σκεύη

99 3281 208 3358 χρυσᾶ
234 3269 290 3338 καί
313 3271 442 3358 ἀργυρᾶ
464 3268 520 3337 καί
543 3271 719 3359 ἁλουργεῖς
742 3268 886 3354 ἐσθήτας
907 3263 962 3331 καὶ
986 3264 1116 3352 ἀρωμά-

59 3393 86 3435 ³0
99 3401 169 3442 των
187 3374 267 3461 γε’νη
286 3378 392 3444 πολλὰ
410 3375 466 3443 καὶ
484 3377 607 3454 ἵππους
623 3374 679 3442 καὶ
698 3377 836 3462 ἅρματα,
854 3371 995 3440 καὶτῶν
1014 3371 1119 3457 ἀχθο-
1175 3397 1184 3412 ·

175 3499 429 3569 §1⁷9=3Reg.
450 3495 795 3566 x14;2Para1.1x13.
