2400 3840
116 123 183 187 350
486 119 761 174 APmOAomz

116 280 357 359 σκεδασθέντες
370 281 452 347 κατὰ
466 282 527 365 τὴν
540 283 662 367 χώραν,
677 279 790 365 ἐπειδὴ
804 283 885 359 τοὺς
899 285 1125 367 Βαβυλωνίους

116 391 266 473 ἥκουσαν
290 388 580 473 ἀνακεχωρηκότας
606 386 661 453 καί
686 389 829 465 λείψανά
849 412 927 454 τινα
949 395 1126 454 καταλελοι-

116 501 219 573 πότας
242 495 278 561 έν
301 505 340 580 τῇ
359 506 426 561 τῶν
441 493 680 581 Ἰεροσολύμων
701 504 742 580 γῇ
761 498 840 572 τοὺς
857 497 985 577 ταύτην
1004 494 1127 581 ἐργασο-

116 602 252 688 μένους,
281 599 518 686 συλλεχθέντες
544 604 757 686 πανταχόθεν
779 595 863 684 ἧκον
885 604 972 687 πρὸς
994 605 1054 667 τὸν
1076 604 1127 666 Γο

117 710 235 774 δολίαν
263 710 310 786 είς
337 707 546 792 Μασφαθάν.
593 709 711 791 <160>
736 707 898 793 ἡγεμόνες
925 706 956 772 δ’
987 704 1073 792 ἦσαν
1097 707 1158 772 ἐντ’

117 816 231 892 αὐτοῖς
250 812 406 897 Ἰωάννης
428 815 502 890 υίὸς
519 812 653 901 Καρέον
676 811 731 879 καὶ
752 811 907 893 Ἰεζανίας
929 813 985 879 καὶ
1007 813 1127 900 Σαρέας

117 919 171 987 καὶ
195 921 301 1008 ἕτεροι
324 921 407 1007 πρὸς
429 921 568 997 τούτοις.
614 919 650 985 έκ
673 917 711 985 δὲ
732 929 793 986 τοῦ
816 924 994 1004 βασιλικοῦ
1021 921 1128 1005 γένους

117 1023 160 1110 ην
179 1050 228 1103 τις
245 1024 424 1109 Ἰσμαῆλος,
446 1027 593 1113 πονηρὸς
610 1025 694 1113 ἀνὴρ
713 1024 768 1091 καὶ
787 1027 1000 1111 δολιώτατος,
1024 1028 1060 1104 ὃς
1078 1049 1128 1092 πο-

118 1128 366 1216 λιορκουμένων
393 1143 460 1198 τῶν
479 1129 718 1220 Ἱεροσολύμων
745 1135 850 1217 έφυγε
876 1135 962 1219 πρὸς
984 1136 1046 1199 τὸν
1065 1132 1129 1217 Ἀμ-

117 1249 266 1322 μανιτῶν
285 1237 422 1322 βασιλέα
436 1237 585 1323 Βααλεὶμ
602 1238 657 1304 καὶ
676 1240 858 1322 συνδιῆγεν
877 1241 967 1328 αὐτῷ
984 1242 1046 1306 τὸν
1062 1242 1168 1326 χρό-οι

118 1368 180 1410 νον
203 1343 341 1411 ἐκεῖνον.
379 1346 489 1430 <161>
511 1347 651 1423 τούτους
673 1349 790 1412 τοίνυν
808 1345 1015 1431 γενομένους
1037 1348 1130 1413 αὐτοῦ
1170 1385 1172 1430 5

119 1452 282 1529 Γοδολίας
309 1454 417 1518 ἔπεισε
444 1449 572 1538 μένειν,
603 1451 720 1518 αὐτίκα
748 1449 853 1536 μηδὲν
881 1454 1036 1531 δεδιότας
1062 1455 1131 1528 τοὺς

118 1561 369 1641 Βαβυλωνίους·
393 1567 623 1645 γεωργοῦντας
645 1560 708 1644 γάρ
726 1559 788 1642 τὴν
810 1560 924 1645 χώραν
948 1557 1053 1625 οὐδὲν
1069 1561 1131 1625 πεί-

118 1669 238 1728 σεσθαι
262 1665 383 1730 δεινόν.
429 1663 519 1731 ταῦτ’
546 1667 651 1751 ὀμνὺς
673 1665 787 1742 αὐτοῖς
810 1665 1057 1751 διεβεβαιοῦτο,
1083 1662 1131 1730 καί

117 1767 305 1857 προστάτην
333 1771 436 1838 αὐτὸν
464 1773 552 1856 ἔχειν
574 1770 696 1856 λέγων,
723 1769 813 1855 ὥστ’,
841 1778 875 1836 εί
897 1797 949 1848 τις
975 1772 1131 1858 ἐνοχλοίη,
1142 1790 1160 1832 ιι

118 1876 293 1955 τεύξεσθαι
310 1886 369 1961 τῆς
387 1880 589 1965 προθυμίας,
612 1879 722 1961 <162>
744 1875 800 1943 καὶ
820 1879 1044 1962 συνεβούλευε
1064 1902 1132 1944 κατ-

118 1994 223 2048 οικεῖν
246 1984 288 2067 ἣν
310 1983 446 2061 ἕκαστος
469 1985 624 2068 βούλεται
646 1987 756 2067 πόλιν,
779 1983 974 2050 ἀποστελεῖν
997 2009 1033 2049 τε
1059 1984 1132 2069 μετά

118 2101 185 2154 τῶν
209 2090 306 2155 ίδίων
329 2090 513 2168 ἀνακτίζειν
536 2092 575 2155 τά
597 2089 704 2175 έδάφη
722 2088 777 2155 καὶ
795 2101 975 2155 κατοικεῖν·
1000 2087 1135 2178 προεῖπέ

118 2218 153 2258 τε
175 2196 482 2279 παρασκευάζεσθαι
505 2196 637 2279 αὐτούς,
661 2197 722 2274 ἕως
740 2199 788 2262 ἔτι
806 2199 921 2282 καιρός
940 2196 1020 2281 ἐστι,
1045 2200 1134 2263 σῖτόν

117 2321 152 2362 τε
174 2295 230 2361 καὶ
253 2293 349 2363 οἶνον
371 2297 426 2363 καὶ
450 2303 573 2383 ἔλαιον,
597 2303 685 2378 ὅπως
704 2306 803 2387 έχωσι
823 2304 878 2368 διά
897 2312 957 2367 τοῦ
976 2316 1134 2388 χειμῶνος
1146 2323 1167 2364 ιο

116 2402 310 2488 τρέφεσθαι.
346 2413 449 2470 ταῦτα
468 2404 657 2491 διαλεχθείς
674 2410 759 2494 πρὸς
777 2410 899 2486 αὐτοὺς
917 2408 1062 2476 ἀπέλυσε
1081 2419 1135 2492 τῆς

118 2512 226 2598 χώρας
250 2513 297 2588 είς
320 2509 360 2578 δν
382 2510 518 2590 ἕκαστος
542 2511 696 2598 ἐβούλετο
720 2517 832 2581 τόπον.
994 2508 1000 2515 ’

84 2640 99 2688 3
185 2620 302 2704 <163>
335 2621 581 2707 διαδραμούσης
613 2617 650 2686 δὲ
681 2623 793 2706 φήμης
825 2623 872 2698 είς
903 2623 943 2685 τά
972 2619 1049 2707 περὶ
1077 2623 1136 2704 τὴν

116 2724 282 2793 Ἰουδαίαν
310 2730 409 2813 ἔθνη,
437 2729 488 2795 ότι
515 2732 593 2806 τοὺς
620 2728 683 2793 άπὸ
712 2737 770 2812 τῆς
797 2736 907 2812 φυγῆς
928 2724 1007 2812 παρ’
1035 2728 1136 2792 αὐτὸν

119 2832 281 2910 ἐλθόντας
301 2835 462 2910 Γοδολίας
486 2833 616 2913 ἐδέξατο
640 2834 889 2921 φιλανθρώπως
911 2832 966 2898 καὶ
989 2834 1052 2917 τὴν
1074 2843 1135 2917 γῆν
1148 2851 1169 2893 α

120 2937 232 3016 αὐτοῖς
251 2948 434 3022 γεωργοῦσι
453 2953 619 3005 κατοικεῖν
638 2940 770 3025 ἐφῆκεν,
790 2937 843 3024 ἐφ’
861 2934 1009 3027 ᾧτελεῖν
1028 2943 1137 3026 φόρον

119 3054 163 3132 τῷ
187 3047 407 3131 Βαβυλωνίῳ,
431 3043 640 3129 συνέδραμον
663 3045 758 3111 αὐτοὶ
781 3048 864 3133 πρὸς
886 3047 945 3110 τὸν
970 3048 1137 3112 Γοδολίαν

118 3150 174 3216 καὶ
197 3151 258 3232 την
284 3151 395 3236 χώραν
421 3147 624 3236 κατῴκησαν.
670 3151 789 3235 <164>
813 3154 1078 3235 κατανοήσαντες
1101 3150 1137 3217 δέ

118 3258 179 3340 τὴν
202 3257 314 3341 χώραν
336 3253 390 3319 καί
414 3254 474 3336 τὴν
497 3264 557 3320 τοῦ
582 3257 748 3322 Γοδολίου
774 3262 976 3344 χρηστότητα
1001 3258 1057 3324 καὶ
1081 3284 1136 3343 φι-

118 3364 337 3447 λανθρωπίαν
353 3357 507 3441 Ἰωάννης
524 3359 580 3426 καὶ
598 3363 633 3427 ολ
649 3360 717 3447 μετ’
737 3362 840 3458 αύτρῦ
858 3363 1017 3449 ἡγεμόνες
1035 3367 1135 3453 ὑπερ·
1148 3381 1172 3421 ³⁰

190 3488 205 3548 ξ
221 3488 271 3536 159
289 3509 320 3528 =
335 3488 352 3536 4
365 3480 434 3548 Reg.
449 3481 527 3536 XXV
542 3489 588 3550 233
607 3484 703 3539 Ierem.
718 3482 818 3537 XLVII
833 3491 856 3539 7.
