2400 3840
118 121 184 184 206
484 119 759 173 ιεωοεοῐτιε

117 281 223 365 αὐτήν
246 279 404 366 διέθηκεν
426 281 445 348 ὁ
468 281 638 367 βασιλεύς,
664 281 713 346 ἐτι
734 277 791 346 καί
813 291 891 358 ταῖς
914 283 1061 369 δωρεαῖς
1080 285 1133 368 τήν

118 388 272 454 διάνοιαν
291 389 394 472 αὐτῆς
411 385 545 470 ἐποίησε
563 385 724 472 φανεράν.
761 391 867 452 εἰκοσι
886 385 1036 475 μὲνγὰρ
1055 391 1132 480 αύτῷ

117 495 263 560 τύλαντα
285 495 386 561 ἔδωκε
408 496 560 580 χρυσίου,
582 492 767 579 ἀρωμάτων
789 515 825 558 τε
844 499 984 578 πλῆθος
1004 496 1133 563 ἀσυλλύ-
1175 486 1177 528 ³

118 616 233 684 γιστον
251 597 306 665 καὶ
324 602 426 665 λίθον
443 603 621 682 πολυτελή
642 597 778 682 λέγουσι
796 593 830 663 δ’
851 598 905 665 ὅτι
923 599 984 666 καὶ
1003 603 1066 686 τήν
1082 611 1133 669 τοῦ

118 705 355 790 ὀποβαλσάμου
373 704 477 790 ῥίζαν,
494 703 538 787 ἣν
556 705 604 770 ἐτι
621 701 678 769 καί
695 711 761 769 νῦν
777 702 876 788 ἡμῶν
890 704 912 789 ἡ
926 708 1024 793 χώρα
1038 705 1153 795 φέρειμ

118 812 242 896 δούσης
263 813 384 894 ταύτης
404 819 465 895 τής
486 812 645 894 γυναικὸς
662 811 788 895 ἔχομεν.
825 811 939 897 <175>
955 813 1135 901 ἀντεδωρή-

118 934 198 984 σατο
213 915 244 982 δ’
256 915 362 999 αύτήν
374 914 430 982 καὶ
439 917 606 1001 Σολομὼν
618 921 757 992 πολλοῦς
768 915 924 1001 ἀγαθοῖς,
932 917 993 984 καὶ
1004 917 1134 1005 μάλισθ’

118 1018 166 1089 ὧν
175 1020 247 1087 κατ’
259 1020 443 1106 ἐπιθυμίαν
456 1020 638 1100 ἐξελέξατο·
650 1017 753 1087 οὐδέν
765 1023 829 1109 γὰρ
843 1015 888 1106 ην
903 1023 923 1089 ὅ
936 1047 972 1089 τι
983 1026 1135 1111 δεηθείσῃ

117 1131 233 1211 λαβεῖν
259 1126 301 1192 ού
323 1125 501 1214 παρέσχεν,
528 1126 601 1195 ἀλλ’
627 1125 838 1214 ἑτοιμότερον
860 1122 911 1194 ὧν
934 1129 1042 1209 αὐτὸς
1062 1131 1135 1197 κατὰ

117 1233 179 1316 τήν
206 1235 333 1300 οἰκείαν
355 1232 520 1321 ἐχαρίζετο
542 1237 755 1321 προαίρεσιν,
783 1234 866 1321 ἅπερ
890 1233 1007 1321 ἐκείνη
1031 1246 1164 1323 τυχείνιι

117 1338 213 1423 ήξίου
234 1338 441 1427 προιέμενος,
462 1342 525 1425 τήν
546 1341 848 1426 μεγαλοφροσύνην
872 1339 1100 1410 ἐπεδείκνυτο.

183 1445 239 1512 καὶ
260 1447 282 1532 ἡ
305 1445 367 1532 μέν
388 1458 457 1514 τῶν
475 1449 672 1531 Αἰγυπτίων
689 1444 745 1514 καί
763 1455 822 1531 τῆς
839 1448 1032 1527 Αἰθιοπίας
1049 1452 1134 1534 βασί-

116 1559 225 1636 λισσα,
247 1547 296 1618 ὧν
317 1555 561 1643 προειρήκαμεν
583 1561 730 1636 τυχοῦσα
753 1550 809 1618 καί
828 1555 1022 1637 μεταδοῦσα
1041 1557 1135 1622 πάλιν

116 1667 161 1748 τῷ
185 1662 316 1742 βασιλεῦ
335 1668 404 1724 τῶν
425 1656 503 1745 παρ’
529 1657 646 1744 αὐτῆς,
675 1661 723 1737 εἰς
744 1658 807 1742 τήν
830 1660 960 1725 οἰκείαν
981 1661 1135 1748 ὑπέστρε-

83 1771 194 1844 Ἰήεν·
239 1765 349 1850 <176>
376 1767 459 1832 κατὰ
487 1762 525 1831 δέ
552 1768 612 1832 τὸν
637 1764 741 1831 αὐτὸν
762 1767 883 1852 καιρὸν
903 1767 1164 1851 κομισθέντωνο

117 1872 181 1939 ἀπὸ
205 1881 264 1958 τῆς
282 1876 417 1959 Χρύσης
438 1869 645 1958 καλουμένης
668 1879 730 1955 γῆς
752 1874 861 1938 λίθων
879 1877 1079 1940 πολυτελῶν
1095 1882 1134 1962 τῷ

117 1978 249 2063 βασιλεῦ
272 1977 328 2045 καί
354 1979 463 2058 ξύλων
484 1982 670 2062 πευκίνων,
695 1989 766 2055 τοῖς
789 1977 900 2056 ξύλοις
923 1981 972 2055 εἰς
994 1981 1135 2064 ὑποστή-

117 2109 219 2168 ριγμα
236 2094 297 2150 τοῦ
315 2109 351 2150 τε
368 2094 454 2151 ναοῦ
471 2084 527 2150 καί
546 2096 614 2150 τῶν
632 2087 811 2168 βασιλείων
828 2086 1066 2172 κατεχρήσατο,
1084 2084 1133 2154 καί

115 2190 199 2272 πρὸς
221 2190 282 2270 τήν
304 2200 372 2254 τῶν
395 2201 565 2273 μουσικῶν
583 2191 738 2274 ὀργάνων
756 2192 973 2275 κατασκευήν,
996 2195 1134 2281 κινύρας

115 2315 151 2357 τε
179 2290 235 2356 καὶ
261 2293 401 2376 νάβλας,
433 2295 522 2370 ὅπως
548 2295 699 2378 ὑμνῶσιν
727 2296 763 2360 οἰ
788 2300 927 2362 Λευίται
953 2299 1015 2363 τὸν
1043 2303 1165 2366 θεόνιι

115 2398 249 2465 πάντων
282 2395 320 2464 δὲ
351 2409 420 2463 τῶν
450 2399 582 2463 πώποτε
613 2400 845 2483 κομισθέντων
876 2402 965 2492 αύτβ
993 2406 1034 2470 τύ
1062 2402 1132 2471 κατ’

115 2503 246 2588 έκείνην
268 2505 330 2588 τήν
351 2503 479 2592 ἡμέραν
503 2502 681 2591 ἐνεχθέντα
705 2504 761 2573 καί
784 2508 919 2592 μεγέθει
942 2507 998 2575 καί
1020 2513 1134 2579 κάλλει

115 2609 279 2699 διέφερεν.
314 2612 425 2698 <1Π>
443 2614 595 2701 ῦπολύβη
616 2611 653 2680 δέ
672 2611 788 2700 μηδεὶς
806 2616 857 2680 ὅτι
875 2617 916 2680 τδι
933 2624 993 2700 τῆς
1010 2621 1134 2704 πεύκης

116 2718 197 2797 ξύλα
223 2728 295 2799 τοῦς
321 2729 386 2787 νῦν
413 2717 499 2788 εἶναι
526 2719 718 2808 λεγομένοις
744 2718 800 2786 καί
827 2723 952 2805 ταύτην
975 2723 1042 2790 ὑπὸ
1066 2736 1134 2791 τῶν

114 2830 369 2911 πιπρασκόντων
399 2828 461 2911 τήν
492 2832 719 2913 προσηγορίαν
751 2825 805 2893 ἐπὶ
835 2827 1034 2913 καταπλήξει
1064 2841 1167 2897 τῶνα

115 2930 316 3017 ὠνουμένων
337 2934 567 3017 λαμβάνουσίν
590 2932 658 3000 έστι
681 2936 906 3020 παραπλήσια·
935 2933 1045 3001 ἐκεῖνα
1068 2940 1131 3024 γὰρ

113 3037 175 3120 τήν
198 3034 260 3122 μέν
278 3034 373 3103 ἰδέαν
391 3036 517 3123 ἐμφερῆ
535 3049 606 3115 τοῖς
624 3043 774 3118 συκίνοις
792 3043 930 3124 γίνεται,
952 3046 1132 3129 λευκότερα

114 3141 145 3207 δ’
166 3142 236 3209 ἐστὶ
258 3141 313 3209 καὶ
337 3145 463 3227 στίλβει
484 3142 596 3210 πλέον.
632 3144 741 3228 <178>
765 3134 949 3232 τοῦτομὲν
967 3143 1030 3214 οὖν
1047 3152 1131 3235 πρὸς

113 3252 150 3314 τὸ
175 3249 301 3334 μηδένα
320 3251 382 3335 τήν
401 3251 568 3337 διαφορὰν
586 3248 747 3334 ἀγνοῆσαι
766 3249 849 3336 μηδέ
867 3253 929 3336 τήν
948 3256 1054 3339 φύσιν
1072 3266 1131 3340 τῆς

176 3392 200 3452 ς
217 3394 267 3443 ιιι
287 3415 321 3436 -
341 3389 546 3460 asseg.x18;
565 3393 581 3444 ε
598 3387 688 3444 ParaL
707 3389 804 3444 1x12.
873 3396 956 3455 ςιτε
976 3419 1010 3440 --.
1029 3395 1130 3463 επις.

112 3475 456 3542 x1132Para1.1x10.

476 3752 570 3770 .-
655 3752 668 3769 Δ
