2400 3840
550 172 672 223 ENATH
1050 170 1117 235 305

95 327 208 413 εἶπον,
241 334 357 415 μόνοις
384 329 414 395 δ’
446 330 602 414 ἐφεῖσθαι
629 341 728 398 τοῦτο
760 344 869 397 ποιεῖν
896 343 966 408 τοῖς
995 329 1030 395 ἐκ
1056 341 1117 396 τοῦ

91 437 261 523 Ἀαρῶνος
298 434 447 523 γένους),
483 439 723 522 καταβοώντων
760 435 791 502 δ’
827 436 947 516 ἐξιέναι
983 435 1038 502 καὶ
1072 438 1116 521 μῆ

93 555 306 629 παρανομεῖν
329 545 377 620 είς
399 545 459 608 τὸν
481 546 580 627 θεόν,
607 542 778 628 ὀργισθεὶς
803 543 981 626 ἠπείλησεν
1004 543 1118 619 αὐτοῖς

96 649 260 731 θάνατον,
285 651 316 713 εί
338 648 382 732 μῆ
405 649 467 732 τῆν
489 649 632 734 ἡσυχίαν
650 648 774 727 ἄξουσι.
811 648 921 732 <225>
941 648 1061 733 μεταξὺ
1081 646 1118 714 δὲ

62 775 79 813 5
100 757 234 839 σεισμὸς
257 753 414 838 ἐκλόνησε
441 755 503 837 τῆν
525 764 590 838 γῆν
612 754 727 840 μέγας,
753 754 809 820 καὶ
837 756 1031 831 διαστάντος
1058 765 1118 820 τοῦ

99 871 185 926 ναοῦ
209 860 334 944 φέγγος
355 861 453 944 ῆλίον
477 865 628 948 λαμπρὸν
652 861 811 946 ἐξέλαμψε
836 859 891 926 καὶ
914 871 954 947 τῆ
977 871 1037 926 τοῦ
1061 866 1118 944 βα-

99 965 219 1044 σιλέως
247 969 322 1044 όυει
349 965 567 1051 προσέπεσεν,
598 968 642 1045 ὡς
670 977 716 1055 τῷ
746 965 807 1052 μὲν
837 966 964 1044 εὐθέως
994 966 1119 1052 λέπραν

99 1073 311 1157 ἐπιδραμεῖν,
338 1076 403 1158 πρὸ
432 1070 470 1138 δέ
496 1083 555 1158 τῆς
581 1077 722 1158 πόλεως,
750 1076 834 1161 πρὸς
863 1084 902 1160 τῆ
932 1072 1119 1159 καλουμένῃ

96 1178 240 1264 Ἐρωγῆ,
270 1188 332 1245 τοῦ
359 1183 460 1266 όρους
489 1181 719 1267 ἀπορραγῆναι
751 1183 788 1246 τὸ
819 1182 922 1265 ῆμισυ
950 1191 1011 1247 τοῦ
1038 1182 1125 1247 κατὰ,

54 1305 81 1344 ιο
98 1286 163 1367 τὴν
195 1284 395 1369 δύσιν,«καὶ
426 1283 590 1352 κυλισθὲν
620 1286 777 1373 τέτταρας
809 1289 965 1364 σταδίους
997 1285 1049 1352 ἐπὶ
1082 1289 1119 1350 τὸ

100 1391 302 1456 ἀνατολικὸν
328 1394 407 1478 όρος
435 1401 567 1476 στῆναι,
594 1393 640 1469 ώς
661 1393 720 1470 τάς
746 1415 782 1458 τε
804 1393 973 1478 παρόδους
996 1389 1120 1476 ἐμφρα-

100 1506 202 1580 γῆναι
229 1496 285 1562 καὶ
312 1501 391 1575 τοὺς
417 1500 640 1586 παραδείσους
663 1502 742 1577 τοὺς
764 1499 965 1583 βασιλικούς.
1010 1497 1120 1580 <226>

101 1602 174 1669 ἐπεὶ
199 1601 235 1669 δὲ
258 1602 520 1689 κατειλημμένην
538 1605 600 1688 τῆν
618 1607 698 1682 όψιν
718 1614 778 1670 τοῦ
802 1603 962 1690 βασιλέως
979 1604 1044 1669 ὑπὸ
1063 1612 1123 1685 τῆς

102 1709 228 1794 λέπρας
247 1706 339 1776 είδον
357 1712 393 1776 οί
410 1712 519 1794 ίερεῖς,
543 1713 686 1796 ἐφραζόν
705 1708 735 1775 τ’
757 1711 846 1797 αὐτῷ
865 1710 927 1792 τὴν
946 1709 1123 1794 συμφοράν

59 1817 87 1881 ιτ
102 1814 158 1881 καὶ
184 1814 337 1882 ἐκέλευον
359 1814 480 1894 ἐξιέναι
503 1825 562 1899 τῆς
583 1818 710 1892 πόλεως
737 1816 782 1892 ὡς
808 1814 918 1898 ἐναγῆ.
963 1814 982 1879 δ
1006 1812 1037 1878 δ’
1063 1811 1120 1878 ὑπ’

103 1924 264 2007 αίσχύνης
285 1946 321 1987 τε
343 1931 403 1988 τοῦ
427 1924 671 2007 συμβεβηκότος
699 1923 813 1986 δεινοῦ
839 1918 895 1986 καὶ
922 1928 982 1985 τοῦ
1010 1917 1120 2002 μηκέτ’

104 2029 195 2117 αὐτῷ
217 2032 407 2116 παρρησίαν
425 2023 511 2094 εἶναι
529 2029 566 2092 τὸ
585 2029 803 2111 κελευόμενον
827 2024 941 2109 ἐποίει,
963 2034 1022 2109 τῆς
1038 2021 1123 2109 ὑπὲρ

105 2137 289 2219 ἄνθρωπον
317 2136 468 2210 διανοίας
496 2131 552 2198 καὶ
579 2144 648 2198 τῶν
675 2133 731 2196 διδι
757 2128 848 2197 τοῦτ’
879 2133 927 2208 είς
953 2133 1013 2198 τὸν
1040 2133 1124 2197 θεὸν

105 2239 323 2325 ἀσεβημάτων
345 2243 557 2326 ταλαίπωρον
584 2239 670 2304 οὕτω
697 2237 753 2304 καὶ
781 2240 917 2325 οίκτράν
943 2239 1125 2324 ὑπομείνας

65 2371 91 2410 εο
106 2348 213 2429 δίκην.
264 2347 382 2429 (227)
409 2343 465 2411 καὶ
491 2349 615 2431 χρόνον
642 2345 704 2432 μέν
730 2370 805 2412 τινα
834 2346 949 2430 διῆγεν
979 2345 1040 2424 ἐξω
1067 2353 1126 2427 τῆς

106 2456 244 2535 πόλεως,
268 2452 406 2535 ίδιώτην
428 2452 559 2530 ἀποζῶν
578 2455 665 2537 βίον,
688 2461 748 2517 τοῦ
766 2453 887 2529 παιδὸς
905 2451 994 2539 αὐτῷ
1010 2449 1125 2516 Ἰωθά-

106 2582 172 2643 μου
200 2559 262 2641 την
289 2558 395 2644 ἀρχὴν
422 2559 685 2643 παραλαβόντος·
716 2555 816 2622 ἔπειτ’
846 2557 911 2622 ύπδ
939 2558 1044 2638 λύπης
1070 2553 1125 2619 καὶ

107 2665 255 2749 ἀθυμίας
277 2673 336 2748 τῆς
359 2661 412 2729 ἐπὶ
435 2675 504 2739 τοῖς
527 2659 760 2745 γεγενημένοις
782 2658 962 2742 ἀπέθανεν,
986 2663 1041 2741 ἐτη
1065 2656 1126 2742 μὲν

107 2772 232 2855 βιώσας
247 2767 400 2837 ὀκτώκαὶ
415 2768 582 2852 ἑξῆκοντα,
599 2768 728 2833 τούτων
747 2763 784 2831 δὲ
798 2765 996 2850 βασιλεύσας
1009 2765 1127 2845 πεντη-

69 2898 95 2939 25
107 2901 210 2943 κοντα
234 2878 305 2942 δύο.
347 2875 512 2959 ἐκηδεύθη
536 2872 574 2941 δὲ
597 2877 699 2959 μόνος
718 2871 756 2938 ἐν
773 2885 844 2949 τοῖς
863 2869 983 2936 ἑαυτοῦ
1001 2871 1127 2952 κήποις.

176 2984 286 3066 (228)
306 2982 324 3048 ὁ
344 2980 381 3047 δὲ
398 2991 459 3047 τοῦ
478 2979 689 3067 Ἱεροβοάμου
707 2988 786 3056 παῖς
805 2980 972 3063 Ζαχαρίας
994 2975 1027 3054 ἓξ
1046 2972 1126 3060 μησὶ
1138 2978 1179 3041 11

108 3092 309 3175 βασιλεύσας
336 3099 404 3154 τῶν
429 3085 655 3174 Ἰσραηλιτῶν,
685 3082 932 3170 δολοφονηθεὶς
959 3080 1129 3148 ἀπέθανεν

109 3197 175 3262 ὑπὸ
199 3200 302 3279 φίλου
325 3197 426 3278 τινός,
449 3195 646 3278 Σελλούμου
669 3189 732 3277 μὲν
753 3191 900 3274 τούνομα
918 3186 1071 3274 Ἰαβήσου
1094 3185 1126 3252 δ’

109 3304 203 3385 υίοῦ,
227 3302 264 3378 ὃς
285 3299 342 3367 καὶ
364 3300 426 3384 τὴν
448 3304 620 3385 βασιλείαν
643 3295 711 3382 μετ’
738 3297 841 3362 αύτὸν
863 3297 1065 3381 παραλαβὼν
1088 3294 1129 3359 οὐ

183 3433 1042 3507 ςΜώΜΜςΜΑΜωΜ.

112 3535 128 3595 ἓ
143 3534 195 3583 228
215 3555 249 3575 =
269 3528 368 3596 4Reg.
384 3527 435 3582 XV
450 3532 474 3582 8.

163 3628 289 3667 somus,
308 3627 340 3667 Π.
966 3613 1010 3660 ‘m
