2400 3840
510 170 632 219 ENATH
646 210 647 213 ,
1012 169 1076 232 273

58 331 231 411 γυναικός,
268 329 462 410 γειτνιώσης
498 329 580 413 αὐτῇ
616 326 671 393 καὶ
705 332 805 412 φίλης
841 312 1078 414 τυγχανούσης,

59 436 157 516 ὅπως,
182 431 252 498 ε’πεί
275 434 315 497 τά
338 443 398 498 τοῦ
421 440 519 518 λιμοῦ
542 432 596 499 καὶ
619 444 678 518 τῆς
701 433 829 511 ένδειάς
851 431 894 517 ήν
917 435 1078 519 ἀμήχανα,

60 540 319 625 διαχρησάμενοι
342 539 498 606 τὰτέκνα
522 536 579 627 (ἦν
598 539 629 605 δ’
650 543 752 626 ἀρρεν
773 539 909 629 ἑκατέρᾳ
927 542 1077 626 παιδίον)

60 645 123 709 ἀνά
141 649 222 729 μίαν
239 645 367 732 ἡμέραν
385 645 565 731 θρέψωμεν
583 646 735 730 ἀλλήλας.
777 648 864 732 <66>
885 647 985 731 κάγώ
1005 646 1076 731 μέν’

31 756 145 835 σφησί
167 751 289 834 *πρώτη
313 752 438 836 τούμὸν
459 751 656 837 κατέσφαξα,
679 751 734 818 καὶ
757 754 818 836 τήν
841 759 1078 839 παρελθοῦσαν

58 856 185 940 ἡμέραν
204 857 329 941 τούμὸν
348 857 536 943 ἐτράφημεν
554 858 751 945 ἀμφότεραι·
771 858 791 942 ή
811 857 841 923 δ’
863 860 904 924 οῦ
922 861 1077 943 βούλεται

58 963 158 1027 ταύτὸ
182 975 307 1047 ποιεῖν,
331 963 414 1029 ἀλλά
436 967 635 1049 παραβαίνει
658 966 719 1048 τήν
743 967 917 1048 συνθήκην
940 963 994 1030 καὶ
1017 968 1076 1030 τὸν

57 1071 136 1133 υίὸν
160 1068 271 1153 ἀφανῆ
296 1071 473 1153 πεποίηκε’
519 1071 614 1154 <67>
637 1070 727 1136 τοῦτ’
754 1070 896 1154 ε’λόπησε
921 1073 1078 1158 σφοδρῶς

56 1173 217 1259 Ἰώραμον
245 1175 446 1259 ἀκούσαντα,
474 1174 529 1241 καὶ
556 1175 836 1264 περιρρηξάμενος
862 1179 924 1260 τήν
952 1177 1076 1262 έσθήτα

16 1300 44 1339 ιο
58 1279 113 1344 καὶ
138 1282 252 1347 δεινὸν
276 1281 449 1366 ἐκβοήσας,
477 1285 587 1348 ἔπειτα
614 1282 716 1367 ὀργῆς
743 1282 796 1348 έπὶ
819 1285 878 1349 τὸν
901 1285 1077 1368 προφήτην

56 1385 244 1452 Ἐλισσαῖον
266 1392 466 1473 πληρωθείς,
490 1388 621 1454 ἀνελεῖν
643 1388 747 1454 αὐτὸν
770 1389 931 1473 ὥρμησεν,
958 1389 1007 1453 ὅτι
1032 1390 1075 1472 μή

59 1494 165 1557 δεῖται
193 1502 253 1558 τοῦ
279 1500 365 1558 θεοῦ
392 1497 498 1579 πόρον
525 1492 554 1559 τ’
584 1495 698 1573 αὐτοῖς
729 1492 784 1560 καὶ
812 1495 981 1577 διαφυγήν
1008 1505 1076 1559 τῶν

58 1602 281 1682 περιεχόντων
303 1611 414 1665 κακῶν
437 1601 569 1665 δοῦναι·
593 1603 652 1666 τόν
670 1599 699 1664 τ’
721 1599 949 1684 ἀποτεμοῦντα
972 1599 1076 1664 αὐτοῦ

58 1705 120 1786 τήν
142 1706 292 1788 κεφαλήν
315 1705 419 1783 εῦθῦς
438 1703 606 1790 ἐξέπεμψε.
647 1706 733 1790 <68>
751 1703 806 1769 καὶ
825 1704 843 1771 ὃ
862 1701 925 1789 μέν
943 1704 995 1770 ἐπὶ
1014 1707 1075 1788 τήν

14 1830 43 1870 15
58 1810 230 1894 ἀναίρεσιν
257 1810 408 1894 ἠπείγετο
436 1821 497 1877 τοῦ
523 1814 713 1898 προφήτου,
742 1813 802 1876 τὸν
830 1808 860 1874 δ’
888 1807 1076 1875 Ἐλισσαῖον

57 1915 120 1980 οὐκ
135 1919 257 1982 ἔλαθεν
274 1917 294 2000 ἡ
310 1927 370 1983 τοῦ
383 1916 545 2003 βασιλέως
563 1919 656 2004 ὀργή,
674 1918 894 2000 καθεζόμενος
912 1913 943 1979 δ’
963 1917 1075 1980 οῖκαδε

57 2019 136 2106 παρ’
167 2019 272 2111 ἑαυτῷ
300 2027 364 2089 σὺν
395 2037 466 2102 τοῖς
492 2031 657 2109 μαθηταῖς
685 2022 848 2106 έμήνυσεν
879 2021 993 2098 αὐτοῖς
1025 2022 1074 2087 ὅτι

54 2124 212 2211 Ἰώραμος
235 2129 252 2194 ὁ
275 2138 336 2194 τοῦ
360 2129 490 2214 φονέως
511 2132 585 2208 υίὸς
607 2127 745 2215 πέμψειε
767 2129 828 2194 τὸν
846 2126 1075 2214 ἀφαιρήσοντα

57 2232 162 2298 αὐτοῦ
184 2235 246 2317 τήν
264 2238 421 2320 κεφαλήν.
462 2238 550 2322 <ό9>
574 2234 658 2303 “ἀλλ’
679 2235 784 2322 ὑμεῖς’
808 2237 922 2319 φησίν,
945 2233 1074 2300 ’ὅτανδ

13 2358 42 2396 20
56 2349 156 2404 τοῦτο
179 2341 402 2426 προσταχθεὶς
424 2343 597 2428 ἀφίκηται,
619 2341 914 2429 παραφυλάξαντες
937 2339 1074 2406 είσιέναι

57 2444 221 2529 μέλλοντα
239 2453 534 2533 προσαποθλίψατε
552 2459 591 2535 τή
610 2451 702 2536 θύρα
719 2446 774 2513 καὶ
793 2449 980 2531 κατάσχετε·
999 2447 1075 2512 ἀκο-

58 2554 219 2635 λουθήσει
237 2556 301 2640 γὰρ
320 2554 409 2642 αὐτῷ
427 2557 511 2641 πρὸς
529 2551 585 2638 ἐμὲ
603 2557 868 2640 παραγινόμενος
886 2553 903 2618 δ
920 2556 1075 2635 βασιλεὺς

57 2657 421 2745 μεταβεβουλευμένος.’
458 2657 514 2726 καὶ
529 2663 569 2724 οἳ
583 2657 645 2745 μὲν
663 2661 700 2723 τὸ
720 2655 912 2739 κελευσθέν,
933 2657 978 2733 ῶς
995 2652 1075 2739 ήκεν

57 2763 76 2827 ὁ
101 2763 267 2849 πεμφθεὶς
293 2766 357 2831 ὑπὸ
381 2775 441 2832 τοῦ
468 2765 630 2850 βασιλέως
652 2762 706 2830 ἐπὶ
733 2764 795 2848 τήν
820 2762 991 2847 ἀναίρεσιν
1013 2762 1075 2844 τήν

14 2888 42 2927 25
54 2866 255 2956 Ἐλισσαίου,
279 2871 449 2956 ἐποίησαν·
474 2873 562 2957 <70>
582 2870 738 2957 Ἰώραμος
761 2866 798 2934 δὲ
815 2870 999 2950 καταγνοὺς
1017 2876 1075 2951 τῆς

58 2973 112 3039 ἐπὶ
136 2980 195 3042 τὸν
217 2980 393 3064 προφήτην
415 2980 517 3065 ὀργῆς
538 2976 594 3044 καί
618 2979 729 3055 δείσας
747 2978 792 3063 μή
811 2975 927 3060 φθάση
945 2977 1075 3050 κτείνας

57 3081 161 3147 αὐτὸν
185 3084 203 3149 δ
224 3094 323 3152 τοῦτο
341 3089 573 3172 προσταχθείς,
596 3088 733 3151 ἔσπευσε
751 3088 897 3148 κωλῦσαι
916 3078 1073 3162 γενέσθαι

56 3190 117 3252 τὸν
137 3192 246 3272 φόνον
263 3191 317 3257 καὶ
338 3193 498 3257 διασῶσαι
516 3194 576 3257 τὸν
594 3191 778 3276 προφήτην.
817 3187 1018 3271 ἀφικόμενος
1038 3183 1075 3251 δὲ

56 3295 141 3378 πρὸς
160 3295 267 3362 ἀὐτὸν
288 3296 401 3383 ήτιῖιτο
426 3299 476 3363 ὅτι
494 3298 538 3383 μή
557 3298 646 3382 παρά
664 3304 724 3361 τοῦ
742 3302 827 3360 θεοῦ
846 3293 944 3357 λύσιν
962 3292 1075 3370 αὐτοῖς

13 3417 42 3456 30
56 3410 125 3464 τῶν
147 3405 324 3485 παρόντων
345 3417 457 3470 κακῶν
480 3407 632 3486 αίτεῖται,
655 3399 727 3466 ἀλλ’
754 3400 859 3476 οὕτως
881 3397 937 3464 ὑπ’
963 3397 1074 3463 αὐτῶν

129 3528 194 3586 ςοο
215 3551 248 3570 =
267 3525 366 3593 ταις.
381 3525 418 3580 Vl
433 3532 476 3582 ει.

107 3621 231 3662 Ιοεπεεινε,
252 3623 284 3664 Π,
912 3609 954 3658 &Q

1174 3614 1191 3691 ,λ
