2400 3840
109 131 173 195 130
477 91 753 182 εΡΧΑΙοᾹοΓΙΑΣ

106 293 252 370 πολλοὺς
269 289 435 377 πολέμους
452 287 657 377 πεπολέμηκε
674 287 730 356 καὶ
748 289 889 356 πάντοτε
906 300 1039 375 κρατῶν
1063 300 1131 355 τῶν

107 401 276 486 πολεμίων
294 397 507 482 ἀπήλλακται.
553 406 618 463 νῦν
637 395 668 462 δ’
691 399 778 474 είκὸς
796 397 899 463 αὐτὸν
920 393 973 462 ἐπὶ
993 413 1131 481 στρατο-

108 505 213 575 πέδου
240 515 367 591 μενεῖν·
397 513 620 590 στρατηγῆσαι
647 504 710 588 γάρ
739 504 939 580 ἱκανώτατος
963 500 1020 566 καὶ
1048 524 1130 588 προ

109 617 196 681 ιδείν
209 612 338 695 ἀπάτην
357 609 586 697 ἐπερχομένων
603 613 780 695 πολεμίων.
816 609 926 694 <218>
945 608 1030 674 ἀλλὰ
1047 609 1131 673 κατά

108 722 170 805 τήν
202 717 345 805 ἑσπέραν
377 717 550 784 ἀπολιπὼν
581 720 660 795 τούς
692 719 801 793 ίδίους
828 715 849 800 ή
879 722 927 792 είς
958 738 1035 780 τινα
1063 725 1154 780 τῶνε

110 827 272 893 αὐλώνων
294 824 397 891 αὐτὸν
420 823 606 910 ἀποκρύάει
628 821 649 906 ή
672 825 756 909 πρὸς
777 820 881 910 πέτρα
901 820 968 888 τινὶ
987 822 1130 905 λοχήσει.

110 935 350 1020 συμβαλόντων
382 928 420 997 δὲ
451 941 519 997 τών
544 927 713 1016 ἡμετέρων
741 930 776 995 oc
801 925 862 1014 μὲν
890 927 1021 993 ἐκείνου
1048 928 1154 1012 πρὸςΙ

110 1042 229 1127 μικρὸν
250 1039 542 1124 ὑποχωρήσουσιν,
570 1035 665 1103 αὐτοὶ
688 1032 727 1101 δέ
748 1036 980 1121 θαρρήσαντες
1002 1033 1049 1112 ὡς
1071 1041 1130 1098 τοῦ

110 1143 271 1230 βασιλέως
289 1144 403 1222 αὐτοῖς
421 1143 520 1228 έγγύς
538 1145 635 1221 ὄντος
653 1142 918 1226 ἀντιστήσονται·
937 1137 993 1206 καὶ
1010 1138 1131 1224 μεταξὺ

110 1253 239 1317 τούτων
265 1249 461 1337 μαχομένων
488 1251 506 1317 ὁ
533 1249 641 1335 πατήρ
669 1247 842 1334 ἐπιφανεὶς
870 1247 1029 1332 ἐξαίφνης
1060 1257 1131 1321 τοῖς
1143 1265 1164 1305 1⁰

111 1355 173 1443 μὲν
196 1357 360 1442 εὐψυχίαν
381 1359 465 1442 πρὸς
482 1359 561 1435 τούς
577 1358 759 1434 κινδύνους
776 1355 1030 1441 παρασκευάσει,
1053 1356 1131 1428 τούς

112 1460 149 1529 δὲ
172 1466 253 1540 σοὺς
274 1460 521 1545 καταπλήξεται.
563 1463 673 1546 <219>
696 1463 853 1548 παράθου
877 1462 918 1545 δή
937 1464 1056 1526 τοίνυν
1076 1457 1131 1525 καὶ

111 1570 173 1653 τήν
196 1568 278 1653 ἐμήν
300 1570 509 1654 συμβουλίαν
531 1577 577 1657 τῷ
601 1573 760 1656 λογισμῷ,
782 1566 838 1633 καὶ
860 1565 952 1632 ταῦτ’
971 1564 1132 1649 ’ἐπιγνοὺς

112 1677 231 1762 άριστα
253 1675 315 1758 τήν
337 1671 399 1760 μὲν
418 1672 632 1760 Ἀχιτοφέλου
655 1675 1026 1760 γνώμηνπαραίτησαι,
1052 1670 1131 1757 πέμ-

111 1793 178 1862 ψας
196 1779 227 1847 δ’
248 1783 296 1859 είς
313 1789 424 1847 πᾶσαν
441 1782 503 1865 τήν
519 1781 632 1867 χώραν
644 1791 713 1846 τῶν
727 1777 890 1866 Ἑβραίων
907 1778 1132 1864 παράγγειλον
1144 1795 1165 1837 ιι

113 1889 227 1966 αὐτοῖς
248 1890 310 1973 τήν
333 1886 386 1954 ἐπὶ
409 1890 468 1954 τὸν
489 1884 616 1973 πατέρα
639 1902 701 1952 σου
724 1889 909 1973 στρατείαν.
949 1882 1005 1949 καὶ
1028 1907 1132 1970 παρα-

113 1997 226 2081 λαβών
249 1995 349 2072 αὐτὸς
370 1996 432 2079 τήν
455 1996 600 2078 δύναμιν
622 2001 683 2059 τοῦ
703 1992 849 2079 πολέμου
872 1995 970 2075 γίνου
994 2008 1132 2077 στρατη-

48 2176 52 2185 ,
113 2105 183 2185 γός,
204 2099 261 2166 καὶ
283 2102 328 2187 μὴ
350 2101 528 2185 πιστεύσης
550 2109 670 2166 τοῦτον
694 2097 802 2189 ἑτέρω.
848 2098 958 2182 <220>
984 2100 1133 2180 νικήσειν

114 2209 177 2292 γάρ
201 2208 371 2292 προσδόκα
394 2207 517 2292 ῥαδίως
539 2206 653 2288 αὐτόν,
676 2204 718 2270 ἀν
737 2204 773 2270 ἐν
792 2215 927 2293 φανερῷ
947 2205 1134 2289 καταλάβης

114 2313 195 2379 όντα
218 2307 287 2395 μετ’
309 2311 443 2392 ὀλίγων,
466 2309 565 2385 αὐτὸς
583 2311 708 2386 πολλάς
727 2313 811 2394 ἔχων
832 2312 995 2398 μυριάδας
1015 2315 1133 2395 βουλο-
1146 2327 1168 2368 2⁰

114 2415 225 2504 μένων
248 2416 309 2500 τήν
331 2411 407 2501 περὶ
431 2411 468 2480 σὲ
491 2416 643 2499 σπουδήν
670 2413 899 2494 ἐπιδείξασθαι
925 2413 981 2481 καὶ
1004 2423 1134 2502 προθυ-

115 2528 203 2610 μίαν.
241 2522 283 2589 άν
306 2520 337 2588 δ’
359 2523 377 2589 ὁ
400 2522 508 2609 πατήρ
532 2522 635 2589 αὐτὸν
654 2525 702 2601 είς
720 2526 916 2609 πολιορκίαν
933 2529 1134 2610 περικλείση,

116 2631 326 2718 μηχανήμασι
356 2627 412 2697 καὶ
444 2631 631 2717 ὀρύγμασιν
665 2630 850 2717 ὑπονόμοις
884 2631 1135 2715 καθαιρήσομεν

116 2739 247 2822 ἐκείνην
275 2739 337 2823 τήν
363 2737 484 2805 πόλιν.’
534 2739 643 2822 (221)
676 2736 768 2804 ταῦτ’
799 2737 902 2802 είπὼυ
932 2734 1135 2820 ηὐδοκίμησε

116 2853 242 2931 μᾶλλον
258 2843 486 2929 Ἀχιτοφέλου·
509 2853 568 2928 τής
590 2846 654 2930 γάρ
675 2842 805 2908 ἐκείνου
823 2844 956 2926 γνώμης
973 2841 994 2925 ή
1013 2844 1136 2908 τούτου
1148 2859 1171 2901 2⁵

115 2954 305 3039 προυκρίθη
329 2948 406 3036 παρ’
429 2949 654 3038 Ἀβεσαλώμφ.
696 2949 776 3024 θεὸς
799 2946 912 3033 μέντοι
936 2947 967 3032 γ’
991 2943 1034 3032 ήν
1058 2949 1135 3035 ὁτή

115 3059 237 3124 τούτου
265 3055 398 3142 διανοίᾳ
424 3056 486 3139 τήν
512 3063 573 3120 τοῦ
601 3052 707 3120 Χουσὶ
735 3059 942 3140 συμβουλίαν
970 3057 1137 3139 συστήσας

116 3159 264 3249 ἀμείνον’
290 3155 378 3226 εἶναι
403 3162 525 3225 δοκείν.

82 3284 97 3332 ⁷
184 3270 292 3354 <222>
320 3269 464 3344 σπεύσας
492 3262 530 3331 δὲ
556 3268 640 3354 πρὸς
666 3269 744 3344 τούς
771 3266 943 3354 ἀρχιερέας
970 3269 1137 3334 Σάδωκον

116 3371 171 3438 καὶ
196 3372 412 3461 Ἀβιάθαρον,
444 3371 506 3455 τήν
532 3367 561 3435 τ’
588 3369 803 3458 Ἀχιτοφέλου
832 3375 968 3458 γνώμην
997 3374 1136 3452 ἐξειπὼν
1150 3392 1171 3434 α

189 3498 277 3558 ςειε
297 3519 331 3538 =
350 3500 366 3548 ε
385 3493 454 3563 Reg.
472 3491 552 3547 XVII
566 3498 590 3547 9.
