2400 3840
127 125 168 190 18
500 126 773 177 εεεειοεονιεε

125 283 162 353 δὲ
191 287 344 365 Σάουλος
375 286 439 353 ἀπὸ
471 297 539 351 τῶν
570 282 646 371 περὶ
677 287 739 369 τήν
770 289 939 371 γεωργίαν
966 293 1144 374 παραγινό·

124 418 223 478 μενος
246 398 353 478 ἔργων
376 395 423 471 είς
445 394 506 476 τήν
528 395 629 458 πάλιν
655 392 865 477 ἐπιτυγχάνει
893 397 1052 461 κλαίουσι
1079 409 1144 474 τοῖς

124 502 228 567 αὑτοῦ
250 505 410 583 πολίταις,
433 495 488 564 καὶ
511 501 703 583 πυθόμενος
724 499 787 582 τήν
809 501 921 564 αἰτίαν
941 510 1003 585 τῆς
1026 504 1143 587 συγχύ-

124 624 206 684 σεως
233 605 288 673 καὶ
316 608 496 689 κατηφείας
526 605 654 688 αὐτῶν,
685 605 852 690 μανθάνει
882 607 925 671 τά
956 610 1049 693 παρά
1080 621 1143 674 τῶν

123 713 281 798 ἀγγέλων.
327 715 414 796 <ῖό>
436 710 491 777 καὶ
515 715 638 789 ἔνθους
665 714 843 796 γενόμενος
871 712 1062 797 ἀποπέμπει
1085 712 1165 799 μένῡ

121 824 199 896 τοὺς
220 817 423 902 Ἰαβισηνοὺς
446 819 672 903 ὑποσχόμενος
695 818 808 896 αὐτοῖς
835 818 928 901 ήξειν
951 824 1084 904 βοηθὸς
1106 832 1141 908 τῇ

120 931 214 1010 τρίτῃ
236 937 304 990 τῶν
326 924 459 1009 ήμερῶν
481 921 536 989 καὶ
559 922 640 1010 πρὶν
662 924 759 1006 ήλιον
783 924 942 1009 ἀνασχεῖν
964 930 1142 1012 κρατήσειν

119 1043 187 1095 τῶν
205 1035 382 1115 πολεμίων,
401 1032 457 1095 ἵνα
475 1029 530 1096 καὶ
548 1032 761 1112 νενικηκότας
778 1030 842 1113 ήδη
861 1030 917 1096 καί
936 1043 1006 1098 τῶν
1026 1038 1141 1118 φόβων

119 1136 394 1222 ἀπηλλαγμένους
427 1137 444 1203 ὁ
472 1138 565 1220 ήλιος
594 1135 757 1213 ἐπιτείλας
785 1139 849 1222 ίδη.
900 1138 1081 1223 ὑπομεῖναι
1108 1138 1135 1205 δ’

83 1263 98 1308 3
120 1241 272 1309 ἐκέλευσέ
283 1267 377 1320 τινας
391 1243 502 1308 αὐτῶν
519 1240 746 1327 ἡγησομένους
759 1251 817 1326 τής
833 1242 924 1309 ὁδοῦ.
959 1244 1048 1328 <77>
1064 1252 1139 1330 βου-
1152 1263 1173 1303 ιο

118 1353 256 1434 λόμενος
284 1347 321 1415 δὲ
345 1353 440 1438 φόβςο
464 1352 578 1433 ζημίας
605 1350 665 1414 τὸν
692 1351 775 1414 λαὸν
798 1347 852 1414 ἐπὶ
874 1351 935 1416 τδν
960 1353 1048 1437 πρὸς
1069 1351 1139 1436 ’Ap

117 1460 255 1538 μανίτας
274 1454 465 1542 ἐπιστρέψαι
484 1457 630 1540 πόλεμον
648 1452 704 1520 καὶ
723 1461 903 1520 συνελθεῖν
921 1456 1047 1534 αὐτοὺς
1065 1457 1137 1536 ὀξύ-

116 1585 227 1645 τερον,
259 1563 433 1646 ὑποτεμὼν
464 1573 532 1627 τῶν
564 1562 668 1627 αὑτοῦ
700 1565 791 1646 βοῶν
817 1563 858 1627 τά
884 1571 1003 1649 νεῦρα,
1037 1565 1137 1630 ταύτὸ

116 1669 293 1752 διαθήσειν
316 1669 471 1753 ἠπείλησε
494 1673 572 1746 τοὺς
595 1669 656 1734 οὐκ
679 1667 908 1752 ἀπαντῶντας,
932 1671 964 1733 εί
985 1671 1030 1754 μή
1055 1674 1137 1758 πρὸς

116 1778 175 1842 τὸν
196 1774 368 1863 Ἰορδάνην
391 1774 591 1861 ὡπλισμένοι
614 1776 696 1840 κατά
724 1775 785 1858 τήν
808 1773 968 1840 ἐπιοῦσαν
991 1776 1135 1861 άπαντή-
1149 1793 1170 1833 ¹⁵

116 1900 234 1949 σουσιν
250 1882 376 1970 ἡμέραν
394 1881 449 1949 καὶ
464 1882 754 1965 ἀκολουθήσουσιν
772 1880 861 1968 αὐτῷ
874 1878 930 1945 καὶ
943 1886 1134 1973 Σαμουήλῳ

113 2000 160 2076 τῶ
178 1992 342 2074 προφήτῃ,
366 1991 441 2055 ὅποι
460 1987 532 2055 ποτ’
553 1988 595 2053 ἀν
614 1988 735 2064 αὐτοὺς
753 1986 909 2070 ἀγάγωσι.
957 1987 1045 2073 <78>
1068 2003 1134 2056 τῶν

114 2091 151 2157 δὲ
175 2092 220 2157 δι’
247 2096 422 2177 εὐλάβειαν
449 2104 507 2179 τής
529 2092 835 2178 κατεπηγγελμένης
862 2097 975 2178 ζημίας
1004 2098 1052 2172 είς
1075 2099 1133 2162 τὸν

113 2197 300 2282 ὡρισμένον
321 2201 439 2282 καιρὸν
463 2202 709 2283 συνελθόντων,
732 2199 958 2286 ἐξαριθμεῖται
978 2199 1015 2265 ἐν
1038 2206 1131 2289 Βαλᾷ

111 2314 150 2388 τῇ
178 2307 272 2369 πόλει
300 2306 336 2368 τὸ
365 2309 509 2388 πλῆθος,
537 2305 682 2390 εὑρίσκει
710 2303 747 2370 δὲ
774 2309 834 2372 τὸν
857 2307 1005 2392 ἀριθμὸν
1030 2307 1164 2395 χωρὶςῖθ

110 2420 168 2493 τῆς
189 2407 297 2474 Ἰούδα
321 2415 429 2494 φυλής
452 2413 499 2486 είς
523 2408 748 2495 ἑβδομήκοντα
772 2397 935 2499 μυριάδας
961 2421 1128 2498 συνειλεγ-

110 2514 243 2601 μένους·
276 2527 333 2601 τής
366 2513 403 2582 δέ
435 2522 544 2601 φυλής
577 2515 703 2599 ἐκείνης
735 2512 820 2601 ἦσαν
849 2516 928 2583 ἑπτά
961 2521 1128 2606 μυριάδες.

111 2624 197 2709 <79>
225 2625 341 2711 διαβάς
369 2622 406 2691 δὲ
427 2618 493 2692 >τὸν
518 2622 690 2712 Ἰορδάνην
717 2622 771 2690 καὶ
801 2627 944 2708 σχοίνων
973 2624 1053 2692 δέκα
1081 2626 1126 2694 δι’

110 2732 188 2815 ὅλης
210 2743 268 2818 τής
295 2736 415 2811 νυκτὸς
442 2734 567 2812 ἀνύσας
595 2734 676 2800 ὁδὸν
704 2732 830 2815 φθάνει
857 2727 918 2815 μὲν
944 2731 1043 2814 ήλιον
1071 2734 1127 2800 ἀν-

109 2840 254 2919 ίσχοντα,
277 2848 371 2922 τριχῇ
390 2836 428 2904 δὲ
446 2842 483 2905 τὸ
503 2840 687 2923 στράτευμα
711 2838 830 2902 διελὼν
857 2836 1021 2904 ἐπιπίπτει
1045 2863 1126 2906 παν·
1139 2853 1162 2895 ²⁵

107 2944 251 3027 ταχόθεν
279 2943 457 3025 αἰφνιδίως
485 2944 525 3007 οὐ
552 2942 762 3026 προσδοκῶσι
790 2954 861 3019 τοῖς
888 2943 1039 3030 ἐχθροῖς,
1072 2945 1126 3013 καὶ

107 3047 286 3134 συμβαλὼν
305 3048 353 3123 είς
371 3046 479 3130 μάχην
498 3048 619 3123 ἀλλους
637 3069 672 3111 τε
691 3049 835 3125 πολλοὺς
852 3047 1039 3117 ἀποκτείνει
1058 3065 1125 3120 τῶν

104 3153 310 3240 Ἀμμανιτῶν
332 3149 386 3216 καὶ
410 3152 551 3235 Ναάσην
574 3154 633 3218 τὸν
657 3153 802 3236 βασιλέα.

173 3262 259 3344 <80>
281 3268 379 3325 τοῦτο
399 3261 550 3345 λαμπρὸν
570 3257 719 3344 ἐπράχθη
738 3269 783 3348 τῶ
802 3262 946 3350 Σαούλφ
966 3259 1122 3351 τοῦργον,

104 3363 158 3430 καὶ
176 3368 259 3449 πρὸς
277 3367 403 3444 πάντας
421 3364 524 3430 αὐτὸν
542 3367 620 3442 τοὺς
631 3363 804 3451 Ἑβραίους
823 3369 1011 3450 διήγγειλεν
1031 3370 1121 3437 έπαι-
1137 3387 1162 3428 ³0

175 3491 239 3552 §76
261 3513 293 3534 ιι
316 3487 515 3557 1Reg.'X16.
