2400 3840
509 131 634 182 ΟΓΔΟΗ
899 139 904 165 ³
1016 127 1082 191 235

61 299 121 371 τῆς
136 286 189 353 ἐπὶ
199 287 345 354 ’Ἀσανον
359 293 542 379 στρατείας·
559 289 717 379 ἐφθάσθη
732 291 796 375 γάρ
810 291 875 355 ὑπὸ
889 298 949 354 τοῦ
963 290 1081 374 χρεών,

61 393 118 459 καλ
144 395 306 460 θάπτεται
333 392 395 480 μέν
423 396 460 461 ἐν
490 401 603 482 Θαρσῇ
631 399 740 478 πόλει,
767 395 1019 480 παραλαμβάνει
1047 392 1077 457 δ’

62 500 167 565 αὐτοῦ
190 502 251 584 τήν
270 501 376 587 ἀρχὴν
395 503 412 568 6
430 512 508 579 παῖς
521 501 677 579 Ἤλανος.
719 497 816 578 οὗτος
833 499 934 586 ἀρξας
953 497 1003 563 ἐπ’
1025 500 1080 580 ἐτη

60 608 124 671 δύο
143 612 291 692 τελευτᾷ,
309 609 536 691 φονεύσαντος
554 607 657 673 αὐτὸν
676 606 709 685 ἐξ
729 606 907 690 ἐπιβουλῆς
921 605 1080 690 Ζαμάρου

26 721 121 777 ετοῦ
146 699 312 798 ἱππάρχου
335 723 393 797 τής
415 713 565 798 ἡμισείας
587 713 733 792 τάξεως.
761 712 871 796 <308>
895 734 1080 794 κατευωχη-

59 817 167 883 θέντα
190 821 253 905 γάρ
277 820 380 884 αὐτὸν
402 822 491 905 παρὰ
514 829 559 907 τῷ
579 822 742 908 οἰκονόμῳ
765 819 869 884 αὐτοῦ
883 816 985 883 ’Όλσα
1004 818 1079 882 τού-

59 948 147 1008 νομα
170 928 285 1002 πείσας
309 925 504 1011 ἐπιδραμεῖν
526 937 594 991 τῶν
616 924 675 1010 ὑφ’
699 927 802 991 αὑτὸν
826 922 953 990 ίππέυν
975 923 1079 1005 τινάς,

59 1029 231 1094 ἀπέκτεινε
245 1028 291 1095 δι’
308 1031 419 1096 αὐτῶν
433 1030 669 1115 μεμονωμένον
686 1042 755 1097 τῶν
770 1030 846 1117 περὶ
865 1031 968 1096 αὑτὸν
987 1031 1080 1096 ὁπλι-

58 1146 128 1199 τῶν
154 1135 210 1200 καί
237 1136 422 1220 ἡγεμόνων·
452 1131 545 1202 οὗτοι
566 1138 635 1222 ’γάρ
664 1138 805 1213 ἅπαντες
832 1134 908 1221 περὶ
935 1137 997 1219 τήν
1019 1156 1079 1200 πο-

11 1265 42 1304 10
60 1245 213 1326 λιορκίαν
235 1253 303 1307 τῶν
326 1245 503 1335 Γαβαθῶν·
518 1241 669 1325 ἐγίνοντο
693 1251 751 1326 τῆς
774 1247 1020 1307 Παλαιστινῶν.

129 1347 252 1430 <309>
272 1350 439 1432 φονεύσας
467 1344 504 1412 δέ
527 1350 587 1413 τὸν
600 1347 752 1414 Ἤλανον
780 1349 797 1414 6
826 1349 989 1433 ἵππαρχος
1014 1352 1114 1415 Zet-5

60 1453 167 1538 μάρης
184 1454 284 1531 αὐτὸς
302 1455 481 1538 βασιλεύει,
501 1453 556 1519 καὶ
574 1464 686 1520 πᾶσαν
703 1456 765 1538 τήν
783 1453 941 1519 Βασάνου
960 1453 1078 1535 γενεὰν

58 1561 141 1623 κατά
164 1561 225 1643 τήν
245 1559 332 1643 Ἰηοῦ
355 1564 561 1646 προφητείαν
575 1561 795 1646 διαφθείρει·
824 1569 869 1647 τῷ
897 1561 960 1644 γάρ
989 1558 1078 1645 αὐτῷ

52 1668 169 1754 ,τρόπφ
198 1665 321 1749 συνέβη
344 1668 404 1731 τὸν
432 1662 526 1731 οἷκον
554 1667 658 1731 αὐτοῦ
685 1668 864 1751 πρόρριζον
892 1664 1078 1731 ἀπολέσθαι

10 1795 41 1835 15
59 1772 116 1835 διά
139 1772 200 1854 τήν
223 1771 378 1856 ἀσέβειαν
396 1773 441 1848 ὡς
463 1771 519 1837 καὶ
541 1773 601 1838 τὸν
615 1770 827 1857 Ἱεροβοάμου
846 1771 1078 1856 διαφθαρέντα

58 1878 281 1963 γεγράφαμεν.
321 1878 431 1962 <310>
448 1878 469 1961 ή
489 1874 527 1942 δὲ
544 1882 768 1963 πολιορκοῦσα
786 1877 848 1959 τήν
867 1878 1078 1961 Γαβαθώνην

58 1985 196 2068 στρατιά
223 1983 398 2067 πυθομένη
426 1984 466 2047 τά
493 1980 569 2069 περὶ
596 1985 656 2048 τὸν
679 1981 830 2066 βασιλέα,
857 1978 914 2046 καὶ
937 1982 987 2046 ὅτι
1013 1987 1078 2046 Ζα-

58 2090 166 2175 μάρης
188 2089 385 2166 ἀποκτείνας
408 2089 512 2154 αὐτὸν
535 2091 601 2173 ἐχει
624 2089 686 2171 τήν
709 2091 892 2173 βασιλείαν,
915 2087 971 2153 καὶ
994 2087 1076 2171 αὐτή

57 2198 119 2260 τὸν
141 2195 329 2280 ἡγούμενον
357 2195 459 2279 αύτής
479 2192 657 2280 Ἀμαρῖνον
684 2194 833 2274 ἀπέδειξε
860 2193 1012 2278 βασιλέα,
1041 2195 1078 2272 ὃς

10 2324 41 2364 κο
57 2301 122 2366 ἀπὸ
146 2310 204 2384 τής
228 2302 436 2384 Γαβαθώνης
458 2301 645 2385 ἀναστήσας
667 2304 726 2367 τὸν
749 2303 891 2388 στρατὸν
917 2303 965 2378 είς
990 2306 1077 2387 Θαρ-

57 2408 122 2489 σήν
140 2411 357 2493 παραγίνεται
376 2408 413 2472 τὸ
433 2411 614 2493 βασίλειον,
631 2406 688 2474 καὶ
705 2409 906 2495 προσβαλὼν
923 2417 963 2493 τῇ
982 2411 1077 2474 πόλει

56 2514 140 2577 κατά
158 2513 277 2598 κράτος
295 2515 392 2599 αίρεῖ.
436 2514 544 2597 <311>
564 2514 721 2600 lauden&
739 2511 777 2578 δέ
794 2514 856 2596 τήν
874 2516 974 2579 πόλιν
993 2515 1077 2579 ἰδὼν

55 2617 277 2704 ήρημυμένην
305 2617 495 2703 συνέφυγεν
523 2621 571 2695 είς
597 2621 635 2684 τὸ
659 2621 860 2702 μυχαίτατον
887 2629 955 2682 τῶν
982 2622 1076 2702 βασι-

57 2728 168 2808 λείαν,
191 2723 246 2790 καὶ
269 2726 463 2810 ὑποπρήσας
487 2724 570 2788 αύτά
593 2722 858 2806 συγκατέκαυσεν
881 2723 994 2806 αὑτόν,
1018 2727 1077 2807 βα-

13 2852 40 2892 25
58 2832 213 2909 σιλεύσας
226 2829 349 2918 ἡμέρας
363 2829 452 2896 ἑπτά.
490 2828 602 2913 διέστη
622 2826 652 2894 δ’
675 2828 779 2905 εὐθύς
797 2828 815 2893 6
834 2839 902 2893 τῶν
918 2824 1076 2912 Ἰσραηλι-

57 2949 127 3003 τῶν
159 2940 252 3021 λαός,
287 2934 344 3002 καὶ
374 2941 409 3001 ολ·
438 2933 500 3021 μὲν
536 2936 647 3002 αὐτῶν
681 2940 852 3019 Θαμναῖον
887 2935 1077 3018 βασιλεύειν

56 3045 194 3127 ήθελον,
218 3047 254 3108 οἳ
274 3040 312 3107 δὲ
334 3045 394 3108 τὸν
409 3041 596 3128 Ἀμαρῖνον.
637 3044 831 3125 νικήσαντες
852 3038 883 3105 δ’
906 3041 941 3105 oc
956 3049 1077 3105 τοῦτον

57 3151 174 3235 ἀρχειν
196 3147 366 3227 ἀξιοῦντες
385 3147 617 3214 ἀποκτείνουσι
635 3150 695 3213 τὸν
716 3152 898 3231 Θαμναῖον,
920 3143 976 3211 καὶ
994 3166 1076 3209 παν-

57 3257 114 3331 τὸς
141 3256 310 3338 βασιλεύει
337 3254 355 3319 6
380 3250 554 3340 Ἀμαρῖνος
586 3261 646 3318 τοῦ
674 3255 784 3335 ὄχλου.
835 3251 953 3334 <312>
987 3274 1077 3336 τρια-

17 3380 43 3420 ³0
57 3371 165 3449 κοστῷ
190 3359 220 3424 δ’
243 3362 308 3426 ἔτει
330 3369 389 3444 τῆς
404 3356 549 3426 Ἀσάνου
564 3361 733 3443 βασιλείας
751 3352 850 3443 ἦρξεν
869 3357 887 3422 6
903 3354 1077 3442 Ἀμαρῖνος

132 3487 214 3546 §308
235 3508 269 3527 =
288 3482 387 3550 επις.
407 3481 472 3535 XVI
487 3488 511 3536 9.
