2400 3840
84 140 148 204 ηις
454 137 727 189 mmmmm

84 313 192 385 τεῖχος
218 298 273 365 καὶ
302 298 547 384 ἀναβοήσαντες
573 298 656 381 πρὸς
682 298 762 373 τοὺς
784 296 941 379 φύλακας
966 295 1110 381 ἐμήνυον

85 408 199 484 αὐτοῖς
221 408 261 470 τὰ
284 404 359 490 περὶ
383 407 461 481 τοὺς
478 405 667 487 πολεμίους,
689 401 810 468 ἐκείνοι
832 399 872 467 δὲ
890 401 987 468 ταῦτ’
1010 403 1112 486 ἀπήγ-

85 517 201 596 γειλαν
232 523 303 588 τοῖς
333 519 394 576 τοῦ
426 508 587 595 βασιλέως
619 508 754 592 φύλαξι·
791 505 871 593 παρ’
907 503 959 575 ὧν
992 512 1112 593 μαθὼν

83 617 239 704 Ἰώραμος
262 616 502 702 μεταπέμπεται
525 618 605 693 τοὺς
623 618 745 698 φίλους
761 611 816 680 καὶ
834 617 916 692 τοὺς
933 614 1113 700 ἡγεμόνας,

87 727 174 810 <82>
196 727 280 810 πρὸς
303 723 362 801 οὓς
385 721 547 799 ἐλθόντας
571 718 711 805 ἐνέδραν
732 717 788 785 καλ
808 718 930 804 τέχνην
950 722 1135 788 ὑπονοείνι

88 836 179 914 ἐλεγε
202 832 262 914 τήν
280 830 491 913 ἀναχώρησιν
511 836 571 893 τοῦ
589 838 657 893 τῶν
676 827 801 912 Σόρων
818 824 999 911 βασιλέως,
1024 827 1113 894 (ἀπο-

87 941 227 1021 γνόντος
249 935 334 1019 ημᾶς
356 944 401 1021 τῷ
421 939 505 1022 λιμῷ
525 921 831 1019 διαφθαρήσεσθαι,
853 930 901 997 ἵν’
923 932 972 1010 ὡς
990 956 1113 1019 πεφευ-

88 1047 196 1127 γότων
210 1039 263 1106 ἐπὶ
278 1041 467 1124 διαρπαγήν
479 1039 684 1118 ἐξελθόντων
697 1047 756 1123 τῆς
769 1042 987 1123 παρεμβολῆς
1002 1045 1113 1126 αίφνι-

88 1151 168 1225 δίως
195 1144 332 1232 ἐπιπέσῃ
359 1144 414 1211 καὶ
441 1149 553 1232 κτείνη
578 1143 640 1232 μὲν
663 1145 799 1228 αὐτούς,
827 1144 972 1230 ἀμαχητὶ
999 1146 1032 1211 δ’
1060 1147 1113 1232 ἕλη

88 1256 149 1337 τήν
180 1255 289 1320 πόλιν.
335 1254 417 1319 ὅθεν
448 1254 530 1337 ὑμῖν
561 1262 713 1337 παραινῶ
748 1251 804 1316 διά
835 1256 994 1336 φυλακῆς
1030 1257 1145 1337 ε”χεινιι

89 1359 204 1445 αὐτήν,
221 1359 277 1426 καὶ
296 1362 454 1445 μηδαμῶς
470 1356 623 1445 προϊέναι
641 1359 960 1443 καταφρονήσαντας
974 1370 1026 1447 τῷ
1040 1364 1114 1438 τοὺς

88 1470 267 1550 πολεμιόυς
290 1461 596 1550 ἀνακεχωρηκέναι.’
641 1462 740 1547 <83>
763 1464 935 1546 φήσαντος
959 1463 1003 1530 δέ
1025 1491 1114 1544 τινος

90 1572 134 1648 ὡς
158 1573 275 1656 ἀριστα
298 1568 360 1655 μέν
382 1570 437 1636 καὶ
462 1570 669 1636 συνετώτατα
691 1570 898 1653 ὑπονοήσειε,
922 1569 1057 1656 πέμψαι
1081 1599 1114 1658 γε

89 1679 156 1763 μὴν
179 1678 490 1762 συμβουλεύσαντος
513 1677 575 1741 δύο
599 1687 667 1740 τῶν
694 1673 821 1741 ίππέων
848 1679 927 1752 τοὺς
950 1679 1017 1760 τήν
1041 1683 1114 1765 ἀχρι

88 1781 260 1869 Ἰορδάνου
278 1793 387 1849 πᾶσαν
406 1782 690 1868 ἐξερευνήσοντας,
709 1778 767 1864 ἵν’,
789 1783 820 1846 εί
839 1781 1033 1865 ληφθέντες
1052 1788 1146 1852 ὑπὸθ

91 1893 268 1976 λοχώντων
282 1902 349 1956 τῶν
365 1892 532 1975 πολεμίων
551 1889 783 1972 διαφθαρεῖεν,
802 1887 933 1970 φυλακή
954 1898 995 1973 τῆ
1016 1907 1115 1975 στρα-

91 2007 145 2084 τιῆι
173 1995 334 2080 γένωνται
361 2006 421 2061 τοῦ
444 1991 548 2080 μηδὲν
576 1994 692 2078 ὅμοιον
718 1999 842 2059 παθεῖν
872 1992 979 2075 αὐτὴν
1008 1996 1115 2063 ἀνυπ-

93 2106 199 2178 όπτως
227 2109 474 2187 προελθοῦσαν·
508 2101 803 2187 προσαριθμήσεις
831 2098 882 2165 δέ’
914 2105 1003 2184 φησί
1032 2104 1116 2180 (τοῖς

91 2208 156 2272 ὑπὸ
184 2216 244 2270 τοῦ
272 2213 370 2290 λιμοῦ
397 2208 576 2286 τεθνηκόσι
603 2209 681 2283 τοὺς
709 2207 832 2289 έππείς,
858 2205 921 2271 κάν
947 2207 1016 2273 ὑπὸ
1047 2222 1115 2275 τῶν

93 2312 224 2397 ἐχθρῶν
251 2308 437 2393 ληφθέντες
464 2310 678 2376 ἀπόλωνται·’
703 2315 798 2395 <84>
827 2310 983 2398 ἀρεσθεὶς
1012 2312 1052 2380 δὲ
1076 2326 1151 2401 τῆιθ

92 2417 207 2501 γνώμη
225 2418 298 2480 τότε
316 2420 394 2492 τοὺς
412 2414 661 2500 κατοψομένους
679 2417 867 2504 ἐξέπεμψεν.
903 2422 938 2483 οἳ
956 2418 995 2485 δὲ
1012 2426 1116 2507 κενήν

93 2521 154 2608 μέν
176 2524 238 2608 τήν
261 2523 342 2590 ὁδὸν
364 2527 531 2610 πολεμίων
553 2524 693 2609 ήννσαν,
716 2527 839 2610 μεστήν
862 2522 898 2591 δέ
922 2531 1041 2593 σιτίων
1059 2530 1115 2594 καὶ

94 2630 206 2697 ὅπλων
229 2626 344 2719 ηὗρον,
367 2631 388 2698 ἀ
412 2634 467 2698 διά
489 2634 526 2698 τὸ
550 2642 672 2716 κοῦφοι
695 2624 779 2717 πρὸς
801 2632 838 2696 τὸ
862 2633 1003 2715 φεύγειν
1027 2631 1116 2701 εἶναι

95 2737 289 2822 ῥιπτοῦντες
316 2737 500 2805 κατέλιπον.
546 2737 638 2805 ταῦτ’
665 2739 808 2816 ἀκούσας
835 2738 853 2804 ὁ
876 2743 1034 2822 βασιλεὺς
1061 2741 1116 2806 ἐπὶ

95 2845 282 2930 διαρπαγήν
300 2857 367 2910 τῶν
386 2844 423 2911 ἐν
440 2855 486 2933 τῶ
506 2845 714 2935 στρατοπέδω
733 2847 771 2910 τὸ
790 2851 920 2927 πλῆθος
938 2843 1115 2930 ἐξαφῆκεν.
1129 2862 1152 2903 2⁵

94 2949 189 3032 <85>
218 2947 346 3025 εὐτελὲς
368 2949 398 3013 δ’
425 2949 526 3016 οὐδέν
553 2950 626 3016 οὐδ’
653 2953 769 3035 ὀλίγον
792 2952 999 3035 ὠφελοῦντο,
1028 2953 1114 3020 ἀλλά

95 3059 202 3120 πολὺν
220 3053 281 3139 μέν
299 3057 425 3140 χρυσὸν
442 3059 549 3121 πολὺν
568 3055 599 3120 δ’
621 3059 780 3143 ἀργυρον,
799 3057 917 3140 ἀγέλας
936 3054 972 3122 δέ
990 3080 1114 3125 παντο-

96 3162 211 3225 δαπῶν
238 3172 369 3244 κτηνῶν
397 3160 597 3244 ἐλάμβανον·
627 3164 674 3226 ἐτι
702 3187 739 3245 γε
766 3164 832 3247 μήν
856 3166 949 3229 σίτου
974 3166 1113 3248 μυριάσι

95 3264 150 3330 καὶ
173 3273 308 3350 κριθῆς,
336 3257 389 3342 αἷς
411 3263 483 3330 οὐδ’
510 3268 592 3350 όναρ
615 3267 773 3351 ήλπισαν,
791 3268 1021 3354 ἐπιτυχόντες,
1044 3284 1113 3337 τῶν

96 3367 157 3452 μέν
179 3371 349 3457 προτέρων
368 3383 479 3436 κακῶν
498 3372 939 3456 ἀπηλλάγησαν,,ἀφθονιάν
958 3373 987 3440 δ’
1010 3371 1113 3460 εἶχον,
1128 3394 1152 3432 30

169 3496 230 3555 §81
252 3518 286 3537 =
305 3492 403 3560 4Reg.
419 3493 471 3547 VH
486 3499 527 3547 10.

281 3738 326 3764 A
406 3755 409 3763 ι
