2400 3840
463 165 464 168 ,
532 111 630 160 ΕΚΤΗ
1046 111 1089 173 25

72 266 110 334 δὲ
133 271 172 334 τὸ
194 280 263 334 τῶν
281 273 448 354 πολεμίων
476 270 700 356 στρατόπεδον
723 267 775 334 ε’πὶ
798 280 958 356 κρημνοῦ,
980 271 1090 357 τρισὶν

72 377 190 462 ἄκραις
213 377 261 452 είς
284 377 404 441 λεπτὸν
427 375 691 460 ἀπηκονημέναις
713 385 817 460 μήκος
836 374 956 462 πέτρας
980 376 1016 442 έν
1034 380 1090 442 κύ-

72 489 139 571 κλφ
153 483 461 568 περιστεφανούσης
480 483 588 567 ὥσπερ
607 485 786 568 προβόλοις
803 483 862 559 τὰς
876 481 1091 568 ἐπιχειρήσεις

72 587 339 672 ἀπομαχόμενον·
364 589 472 672 <109>
493 591 594 654 ἔνθεν
613 588 810 674 συνέβαινεν
828 589 1015 674 ἠμελῆσθαι
1033 591 1091 666 τάς

44 695 226 779 τφυλακάς
253 704 313 759 τοῦ
336 694 566 781 ,στρατοπέδου
594 695 649 760 ὑιά
676 698 714 760 τὸ
738 698 838 781 φύσει
860 707 1022 782 περιεῖναι
1045 705 1090 783 τῷ

71 804 183 889 χωρίῳ
211 802 273 883 τήν
300 800 500 885 ἀσφάλειαν,
531 800 586 867 καὶ
614 803 721 887 πάντη
748 806 894 887 νομίζειν
921 802 1091 887 ἀμήχανον

72 901 160 973 εἶναι
183 904 255 972 κατ’
276 905 405 986 ἐκείνας
427 909 488 974 ούκ
506 908 671 993 ἀναβήναι
690 912 794 994 μόνον
813 909 896 975 ἀλλά
916 907 971 973 καλ
990 926 1091 995 προσ-

73 1020 198 1079 ελθεῖν.
245 1016 354 1098 <110>
382 1015 427 1092 ὡς
454 1010 517 1080 οὖν
544 1010 626 1098 ήκον
653 1017 701 1092 είς
727 1015 789 1098 τήν
816 1016 1091 1102 παρεμβολήν,ιό

70 1117 232 1203 Ἰωνάθης
267 1121 502 1207 παρεθάρρυνε
541 1123 600 1186 τὸν
641 1122 847 1208 ὁπλοφόρον,
887 1120 942 1186 καὶ
979 1121 1091 1208 ’προσ-

35 1247 59 1286 ιο
74 1227 228 1312 βάλωμεν
250 1239 321 1304 τοῖς
342 1227 524 1312 πολεμίοις’
549 1230 653 1310 ἔλεγε·
677 1227 750 1293 (κάν
774 1224 835 1312 μὲν
853 1227 1017 1313 ἀναβήναι
1040 1250 1091 1293 κε-

74 1334 238 1398 λεύσωσιν
269 1334 353 1419 πρὸς
384 1334 506 1410 αὑτούς
537 1333 621 1418 ήμάς
653 1335 796 1418 ἰδόντες,
828 1346 964 1419 σημεῖον
992 1344 1090 1400 τοῦτο

73 1443 168 1521 νίκης
195 1439 421 1524 ὑπολάμβανε·
455 1439 513 1505 έάν
540 1437 577 1505 δὲ
604 1439 816 1524 φθέγξωνται
848 1437 952 1523 μηδὲν
980 1441 1024 1519 ὡς
1052 1441 1092 1506 ού

72 1551 254 1622 καλοῦντες
271 1545 367 1630 ἡμᾶς,
386 1545 659 1633 ὑποστρέψομεν.’
704 1548 813 1631 <111>
831 1551 1039 1633 προσιόντων
1059 1545 1088 1611 θ’

73 1650 186 1716 αὐτῶν
204 1660 249 1739 τῷ
268 1650 479 1742 στρατοπέδω
493 1663 561 1718 τῶν
574 1657 742 1738 πολεμίων
759 1654 1013 1737 ὑποφαινούσης
1028 1655 1091 1737 ήδη

35 1778 58 1816 1⁵
72 1766 133 1839 τῆς
150 1755 285 1843 ἡμέρας,
304 1759 433 1835 ἰδόντες
451 1760 486 1825 οί
502 1758 722 1825 Παλαιστινοὶ
741 1761 824 1845 πρὸς
842 1760 1006 1842 ἀλλήλους
1025 1762 1092 1823 ἕλε-

72 1887 136 1946 γον
161 1862 281 1929 ἐκτῶν
298 1865 479 1949 ὑπονόμων
496 1863 551 1930 καὶ
569 1876 637 1931 τῶν
656 1869 827 1948 σπηλαίων
844 1863 996 1948 προϊέναι
1015 1867 1092 1941 τοὺς

69 1967 256 2054 Ἑβραίους,
274 1968 329 2034 καλ
347 1972 431 2056 πρὸς
444 1968 608 2055 Ἰωνάθην
625 1969 759 2036 καὶτὸν
777 1971 969 2057 ὁπλοφόρον
988 1971 1091 2036 αὑτοῦ

73 2073 195 2141 “όεῦτ”
220 2079 362 2160 ἔφασαν,
386 2075 554 2142 ἀνέλθετε
577 2079 660 2163 πρὸς
682 2078 781 2162 ἡμᾶς,
806 2078 863 2142 ἵνα
885 2078 971 2161 ὑμᾶς
992 2102 1092 2163 τιμω·

73 2182 254 2268 ρησώμεθα
276 2193 345 2248 τῶν
369 2181 620 2268 τετολμημένων
647 2182 767 2261 ἀξίωςῖ
813 2186 922 2267 <112>
945 2183 1091 2250 ἀσπασά-

32 2307 58 2346 2⁰
73 2311 175 2373 μενος
203 2285 240 2353 δὲ
266 2291 328 2372 τήν
355 2290 473 2374 φωνὴν
501 2289 518 2357 ὁ
546 2299 606 2355 τοῦ
633 2292 792 2357 Σαούλου
818 2303 896 2368 παῖς
924 2292 968 2368 ὡς
994 2296 1092 2374 νίκην

72 2395 164 2482 αὐτῷ
184 2398 423 2480 σημαίνουσαν,
441 2399 626 2481 παραυτίκα
643 2393 704 2481 μὲν
718 2396 926 2483 ἀνεχώρησεν
941 2395 973 2474 ἐξ
989 2392 1090 2482 οὗπερ

73 2502 242 2584 ὤφθησαν
256 2504 359 2567 τόπου
373 2513 443 2579 τοῖς
457 2507 638 2587 πολεμίοις,
656 2503 947 2589 παραμειψάμενος
965 2499 1002 2567 δὲ
1016 2511 1091 2567 τοῦ-

71 2629 133 2671 τον
158 2604 211 2672 ἐπὶ
234 2607 295 2691 τήν
322 2605 447 2693 πέτραν
469 2603 562 2692 ήκεν,
589 2611 712 2694 ἔρημον
740 2603 845 2672 οὖσαν
871 2619 939 2672 τῶν
966 2613 1091 2691 φυλατ-

71 2715 202 2778 τόντων
230 2713 285 2778 όιά
307 2713 369 2796 τήν
396 2715 588 2801 ὀχυρότητα.
634 2714 743 2796 <113>
770 2711 927 2777 κάκεῖθεν
950 2712 1091 2797 ἀνερπύ-

32 2837 57 2878 2⁵
72 2835 192 2896 σαντες
218 2820 298 2903 μετά
325 2826 450 2904 πολλής
481 2823 703 2905 ταλαιπωρίας
735 2817 909 2903 ἐβιάσαντο
941 2820 1003 2901 τήν
1031 2827 1092 2884 τοῦ

70 2931 200 3012 χωρίου
227 2927 332 3010 φύσιν
359 2927 405 3004 ὡς
432 2925 589 2992 ἀνελθεῖν
617 2924 669 2991 ἐπὶ
696 2927 775 3002 τοὺς
801 2929 994 3011 πολεμίους,
1023 2925 1091 2991 ἐπι-

70 3035 230 3108 πεσόντες
257 3029 288 3096 ό’
315 3032 429 3110 αὐτοῖς
452 3030 673 3117 κοιμωμένοις
700 3031 931 3099 ἀποκτείνουσι
958 3028 1019 3116 μὲν
1047 3031 1092 3108 ὡς

71 3146 189 3222 εἴκοσι,
211 3147 356 3225 ταραχῆς
379 3135 416 3204 δέ
438 3137 494 3204 καὶ
517 3137 699 3222 ἐκπλήξεως
718 3139 839 3216 αύτούς
858 3137 1023 3222 ἐγέμισαν,
1047 3137 1091 3215 ὡς

69 3246 166 3322 τινὰς
189 3241 251 3328 μὲν
274 3256 397 3329 φυγεῖν
419 3246 477 3322 τάς
494 3250 679 3322 πανοπλίας
700 3245 959 3332 ἀπορρίψαντας,
982 3245 1091 3329 <114>

30 3368 56 3408 ³⁰
70 3353 106 3419 οί
127 3348 167 3417 δὲ
189 3348 309 3417 πολλοὶ
336 3352 380 3436 μή
404 3355 619 3438 γνωρίζοντες
646 3350 784 3428 ἑαυτοὺς
808 3352 863 3415 διὰ
890 3351 927 3415 τὸ
954 3349 989 3415 ἐκ
1012 3357 1091 3416 πολ-

143 3479 159 3540 ς
176 3477 227 3528 108
247 3497 282 3517 ==
303 3483 315 3527 1
331 3471 401 3542 Reg.
421 3472 485 3527 XIV
501 3477 524 3525 7.
