2400 3840
535 152 634 203 EKTH
1051 151 1094 216 53

74 309 213 375 ἀπολύει
233 311 280 386 είς
294 310 355 393 τὴν
370 314 470 376 πόλιν
489 313 603 394 παῖδα,
622 311 639 377 ὃ
660 309 691 376 δ’
709 311 745 376 έν
765 310 882 398 ἐρημίᾳ
901 322 946 399 τῷ
960 316 1094 400 Δαυίδη

73 420 248 499 παρῆλθεν
280 418 327 494 είς
360 419 439 495 όύιν
467 417 555 505 αὐτῷ
582 416 638 482 καὶ
671 421 799 500 λόγους.
849 417 1033 501 ἀναφανεὶς
1061 419 1091 484 δ’

74 515 173 598 οὗτος
192 525 304 587 πίπτει
327 525 391 608 πρὸ
410 535 478 589 τῶν
493 521 655 590 Ἰωνάθου
673 525 798 607 ποδῶν,
822 522 876 588 καὶ
895 536 1094 609 προσκυνῶν

74 635 207 711 σωτῆρα
235 627 338 692 αὐτοῦ
366 638 424 712 τῆς
451 638 560 714 ψυχῆς
591 630 754 696 ἀπεκάλει.
806 631 915 714 <241>
943 629 1094 713 ἀνίστησι

49 754 61 794 τ
74 729 105 795 δ’
125 731 190 796 ἀπὸ
205 740 263 814 τῆς
277 742 337 816 γῆς
351 734 464 818 αὐτόν,
482 733 537 800 καὶ
549 734 802 820 περιπλακέντες
816 735 972 818 ἀλλήλοις
986 738 1094 823 μακρά

73 834 102 901 τ’
119 837 303 920 ἠσπάζοντο
322 837 377 903 καὶ
396 839 633 924 δεδακρυμένα,
652 843 713 924 τήν
731 839 768 905 θ’
789 840 922 924 ἡλικίαν
945 841 1094 928 ἀποθρη-

73 952 212 1021 νοῦντες
235 946 345 1010 αὑτῶν
368 944 422 1010 καὶ
446 947 508 1030 τὴν
531 945 766 1032 ἐφθονημένην
786 946 934 1033 ἑταιρίαν
956 946 1011 1013 καὶ
1033 951 1094 1015 τὸν

74 1048 236 1134 μέλλοντα
257 1052 491 1139 διαχωρισμόν,
510 1052 547 1130 ὃς
565 1050 665 1118 οὐδὲν
683 1053 797 1130 αὐτοῖς
818 1053 923 1118 ἐδόκει
942 1055 1093 1120 θανάτου

75 1155 257 1243 διαφέρειν.
288 1161 383 1242 μόλις
397 1156 428 1223 δ’
445 1157 481 1223 ἐκ
494 1160 633 1245 θρήνων
651 1159 888 1243 ἀνανήψαντες,
903 1158 958 1224 καὶ
972 1170 1094 1244 μεμνῆ-

39 1287 62 1326 10
75 1269 157 1328 σθαι
170 1274 239 1329 τῶν
249 1265 357 1350 ὅρκων
367 1264 522 1348 ἀλληλοις
532 1266 865 1352 παρακελευσάμενοι,
879 1267 1093 1349 διελύθησαν.

140 1369 251 1453 <242>
274 1372 426 1454 Δαυίδης
451 1368 487 1436 δὲ
510 1373 646 1456 φεύγων
664 1375 723 1438 τὸν
742 1369 879 1457 βασιλέα
901 1370 956 1436 καὶ
979 1374 1038 1437 τὸν
1058 1371 1090 1450 ἐξ
1103 1376 1145 1438 12

75 1477 179 1543 αὐτοῦ
211 1477 362 1543 θάνατον
394 1481 442 1555 είς
474 1483 594 1564 Ναβάν
625 1483 842 1564 παραγίνεται
878 1482 978 1546 πόλιν
1009 1479 1093 1564 πρὸς

72 1581 280 1668 Ἀχιμέλεχον
293 1586 353 1650 τὸν
372 1583 535 1671 ἀρχιερέα,
554 1585 591 1663 ὃς
609 1582 661 1651 ἐπὶ
679 1595 725 1673 τῷ
744 1589 849 1670 μόνον
867 1586 989 1669 ἥκοντα
1006 1586 1093 1650 ίδείν

74 1687 129 1754 καὶ
153 1692 233 1775 μήτε
257 1693 358 1774 φίλον
381 1694 444 1755 σὺν
467 1691 555 1778 αύτῷ
574 1689 648 1774 μήτ’
670 1689 801 1774 οἰκέτην
823 1694 972 1777 παρόντα
992 1690 1093 1757 ἐθαύ-

40 1818 62 1858 15
76 1813 174 1881 μασε,
201 1795 256 1861 καὶ
279 1797 340 1879 την
363 1799 473 1862 αἰτίαν
496 1805 556 1862 τοῦ
578 1794 692 1880 μηδέν’
719 1793 805 1862 εἶναι
833 1800 895 1862 σὺν
920 1797 1009 1883 αὐτῷ
1032 1821 1092 1880 μα-

75 1908 154 1968 θεῖν
172 1902 303 1984 ἤθελεν.
340 1902 482 1986 <243>3
502 1898 539 1966 δὲ
557 1901 678 1988 πρᾶξιν
692 1902 881 1987 ἀπόρρητον
900 1901 1093 1983 ἐπιταγῆναι

75 2010 160 2095 πρὸς
192 2018 251 2073 τοῦ
283 2007 444 2093 βασιλέως
476 2011 614 2092 ἔφησεν,
650 2010 697 2084 εἰς
733 2007 775 2089 ἣν
810 2008 968 2083 συνοδίας
1005 2007 1093 2092 αὐτῷ

75 2114 269 2203 βουλομένῳ
294 2120 415 2181 λαθεῖν
438 2114 498 2179 οὐκ
521 2115 601 2179 ἔδει·
630 2113 719 2191 ρτοὺς
747 2111 859 2199 μέντοι
885 2113 1094 2198 θεράποντας

76 2223 125 2298 εἰς
150 2221 247 2285 τόνδε
273 2245 329 2305 μοι
357 2223 416 2286 τὸν
444 2224 547 2287 τόπον
573 2220 723 2286 ἀπαντᾶν
749 2218 953 2305 προσέταξα.’
998 2220 1094 2304 ἠξίου

39 2349 63 2388 ιο
76 2323 114 2392 δὲ
142 2330 257 2410 λαβεῖν
288 2326 419 2410 ἐφόδια·
453 2330 555 2409 φίλου
583 2328 646 2411 γὰρ
679 2327 781 2392 αὐτὸν
812 2328 965 2409 ποιήσειν
995 2330 1094 2414 ἔργον

75 2435 288 2518 παρασχόντα
305 2431 360 2497 καὶ
378 2434 461 2518 πρὸς
475 2435 511 2498 τὸ
530 2437 748 2518 προκείμενον
767 2431 1094 2519 συλλαμβανομένου.

75 2539 186 2622 <244>
206 2540 316 2624 τυχὼν
334 2535 371 2604 δὲ
390 2540 518 2605 τούτων
535 2538 605 2623 ᾔτει
628 2536 683 2603 καὶ
703 2539 806 2604 όπλον
825 2563 856 2603 τι
875 2540 955 2622 μετὰ
973 2551 1094 2624 χεῖρας,

76 2646 249 2730 ῥομφαίαν
272 2645 292 2728 ἢ
316 2646 481 2731 δοράτιον.
526 2652 637 2728 παρῆν
660 2640 696 2708 δέ
719 2641 775 2707 καὶ
794 2644 951 2707 Σαούλου
975 2643 1097 2718 δοῦλος

75 2751 168 2836 γένει
190 2749 253 2837 μέν
272 2753 393 2837 Σύρος,
416 2753 555 2834 Δώηκος
578 2746 609 2814 δ’
635 2751 751 2834 όνομα,
774 2750 831 2825 τάς
853 2757 913 2813 τοῦ
935 2752 1099 2832 βασιλέως

38 2879 62 2919 α
75 2859 239 2943 ἡμιόνους
261 2856 379 2942 νέμων.
426 2858 444 2923 ό
468 2855 499 2922 δ’
525 2856 695 2943 ἀρχιερεὺς
719 2858 806 2940 ἐχειν
833 2852 894 2940 μὲν
917 2854 1017 2930 αὐτὸς
1040 2853 1098 2919 οὐ-

76 2961 138 3030 δὲν
158 2960 231 3030 εἶπέ
246 2989 279 3029 τι
297 2973 460 3047 τοιοῦτον,
484 2958 570 3028 εἶναι
589 2959 626 3028 δὲ
644 2963 706 3046 τὴν
725 2962 896 3028 Γολιάθου
915 2961 1100 3048 ῥομφαίαν,

75 3071 120 3154 ἣν
138 3070 335 3148 ἀποκτείνας
353 3073 412 3136 τὸν
429 3071 656 3135 Παλαιστινὸν
675 3068 774 3146 αὐτὸς
792 3069 933 3150 ἀναθείη
953 3076 998 3156 τῷ
1016 3073 1095 3153 θεῷ.

75 3179 187 3259 <245>
224 3178 337 3261 λαβὼν
374 3174 411 3241 δὲ
448 3177 570 3259 ταύτην
607 3175 625 3241 δ
658 3177 809 3259 Δαυίδης
846 3174 906 3253 ἔξω
938 3183 996 3257 τῆς
1027 3183 1134 3237 τῶνα

72 3281 240 3368 Ἑβραίων
254 3284 363 3368 χώρας
377 3284 424 3359 εἰς
437 3284 556 3347 Γίτταν
571 3279 711 3366 διέφυγε
724 3283 786 3365 τὴν
796 3286 1042 3362 Παλαιστινῶν,
1057 3273 1096 3362 ἧς

35 3388 213 3474 σθἈγχοῠς
233 3387 433 3473 ἐβασίλευεν.
467 3384 686 3470 ἐπιγνωσθεὶς
710 3385 741 3450 δ’
758 3388 822 3453 ὑπὸ
842 3398 910 3452 τῶν
928 3396 988 3452 τοῦ
1002 3390 1095 3470 βασι-

151 3514 238 3576 ςειι
259 3509 416 3578 =1Reg.
436 3507 486 3562 xx
501 3513 543 3566 41.
