<?xml version="1.0" encoding="UTF-8"?>
<!DOCTYPE html PUBLIC "-//W3C//DTD XHTML 1.0 Transitional//EN"
    "http://www.w3.org/TR/xhtml1/DTD/xhtml1-transitional.dtd">
<html xmlns="http://www.w3.org/1999/xhtml" xml:lang="en" lang="en">
 <head>
  <title>
</title>
<meta http-equiv="Content-Type" content="text/html;charset=utf-8" />
  <meta name='ocr-system' content='tesseract 3.04.00' />
  <meta name='ocr-capabilities' content='ocr_page ocr_carea ocr_par ocr_line ocrx_word'/>
</head>
<body>
  <div class='ocr_page' id='page_1' title='image "./operaomniaposti03nabegoog_0218.png"; bbox 0 0 2400 3840; ppageno 0'>
   <div class='ocr_carea' id='block_1_1' title="bbox 131 120 773 233">
    <p class='ocr_par' dir='ltr' id='par_1_1' title="bbox 131 120 773 233">
     <span class='ocr_line' id='line_1_1' title="bbox 131 120 773 233; baseline 0 -14"><span class='ocrx_word' id='word_1_1' title='bbox 131 120 194 233; x_wconf 82' lang='lat'><em>166</em></span> <span class='ocrx_word' id='word_1_2' title='bbox 498 167 773 221; x_wconf 72' lang='lat' dir='ltr'><strong>APmOAomz</strong></span> 
     </span>
    </p>
   </div>
   <div class='ocr_carea' id='block_1_2' title="bbox 39 324 1176 3600">
    <p class='ocr_par' dir='ltr' id='par_1_2' title="bbox 126 324 1175 1374">
     <span class='ocr_line' id='line_1_2' title="bbox 128 324 1149 419; baseline -0.006 -22"><span class='ocrx_word' id='word_1_3' title='bbox 128 332 190 415; x_wconf 83' lang='grc' dir='ltr'><em>τήν</em></span> <span class='ocrx_word' id='word_1_4' title='bbox 212 335 385 419; x_wconf 87' lang='grc' dir='ltr'><em>βασιλείαν</em></span> <span class='ocrx_word' id='word_1_5' title='bbox 407 331 575 396; x_wconf 77' lang='grc' dir='ltr'><em>δεδωκότα</em></span> <span class='ocrx_word' id='word_1_6' title='bbox 592 332 687 411; x_wconf 91' lang='grc' dir='ltr'><em>θεόν,</em></span> <span class='ocrx_word' id='word_1_7' title='bbox 710 327 892 413; x_wconf 79' lang='grc' dir='ltr'><em>φυλάττειν</em></span> <span class='ocrx_word' id='word_1_8' title='bbox 911 324 942 392; x_wconf 89' lang='grc' dir='ltr'><em>δ’</em></span> <span class='ocrx_word' id='word_1_9' title='bbox 965 325 1073 392; x_wconf 84' lang='grc' dir='ltr'><em>αὐτοῦ</em></span> <span class='ocrx_word' id='word_1_10' title='bbox 1095 327 1149 404; x_wconf 89' lang='grc' dir='ltr'><em>τάς</em></span> 
     </span>
     <span class='ocr_line' id='line_1_3' title="bbox 128 430 1149 521; baseline -0.007 -17"><span class='ocrx_word' id='word_1_11' title='bbox 128 436 266 516; x_wconf 87' lang='grc' dir='ltr'><em>ἐντολάς</em></span> <span class='ocrx_word' id='word_1_12' title='bbox 296 437 351 504; x_wconf 81' lang='grc' dir='ltr'><em>καὶ</em></span> <span class='ocrx_word' id='word_1_13' title='bbox 382 440 461 515; x_wconf 86' lang='grc' dir='ltr'><em>τοὺς</em></span> <span class='ocrx_word' id='word_1_14' title='bbox 493 440 632 521; x_wconf 91' lang='grc' dir='ltr'><em>νόμους,</em></span> <span class='ocrx_word' id='word_1_15' title='bbox 668 435 728 512; x_wconf 88' lang='grc' dir='ltr'><em>οὓς</em></span> <span class='ocrx_word' id='word_1_16' title='bbox 759 433 861 512; x_wconf 86' lang='grc' dir='ltr'><em>αὐτὸς</em></span> <span class='ocrx_word' id='word_1_17' title='bbox 893 433 952 498; x_wconf 80' lang='grc' dir='ltr'><em>διδ</em></span> <span class='ocrx_word' id='word_1_18' title='bbox 983 430 1149 510; x_wconf 90' lang='grc' dir='ltr'><em>Μωυσέος</em></span> 
     </span>
     <span class='ocr_line' id='line_1_4' title="bbox 127 538 1145 630; baseline -0.006 -20"><span class='ocrx_word' id='word_1_19' title='bbox 127 544 335 630; x_wconf 77' lang='grc' dir='ltr'><em>κατέπεμψεν</em></span> <span class='ocrx_word' id='word_1_20' title='bbox 356 544 452 629; x_wconf 77' lang='grc' dir='ltr'><em>ἡμῖν,</em></span> <span class='ocrx_word' id='word_1_21' title='bbox 478 540 534 610; x_wconf 79' lang='grc' dir='ltr'><em>καὶ</em></span> <span class='ocrx_word' id='word_1_22' title='bbox 561 544 641 627; x_wconf 90' lang='grc' dir='ltr'><em>μήτε</em></span> <span class='ocrx_word' id='word_1_23' title='bbox 668 542 778 628; x_wconf 89' lang='grc' dir='ltr'><em>χάριτι</em></span> <span class='ocrx_word' id='word_1_24' title='bbox 806 542 886 625; x_wconf 93' lang='grc' dir='ltr'><em>μήτε</em></span> <span class='ocrx_word' id='word_1_25' title='bbox 912 543 1048 627; x_wconf 76' lang='grc' dir='ltr'><em>θωπείᾳ</em></span> <span class='ocrx_word' id='word_1_26' title='bbox 1074 538 1145 625; x_wconf 87' lang='grc' dir='ltr'><em>μήτ’</em></span> 
     </span>
     <span class='ocr_line' id='line_1_5' title="bbox 128 644 1148 739; baseline -0.004 -23"><span class='ocrx_word' id='word_1_27' title='bbox 128 649 292 739; x_wconf 77' lang='grc' dir='ltr'><em>ἐπιθυμίᾳ</em></span> <span class='ocrx_word' id='word_1_28' title='bbox 314 648 388 735; x_wconf 88' lang='grc' dir='ltr'><em>μήτ’</em></span> <span class='ocrx_word' id='word_1_29' title='bbox 409 652 498 739; x_wconf 77' lang='grc' dir='ltr'><em>άλλφ</em></span> <span class='ocrx_word' id='word_1_30' title='bbox 516 649 619 714; x_wconf 90' lang='grc' dir='ltr'><em>πάθει</em></span> <span class='ocrx_word' id='word_1_31' title='bbox 637 644 902 734; x_wconf 79' lang='grc' dir='ltr'><em>προστιθέμενον</em></span> <span class='ocrx_word' id='word_1_32' title='bbox 922 647 1055 712; x_wconf 83' lang='grc' dir='ltr'><em>τούτων</em></span> <span class='ocrx_word' id='word_1_33' title='bbox 1074 645 1148 731; x_wconf 82' lang='grc' dir='ltr'><em>ἀμε·</em></span> 
     </span>
     <span class='ocr_line' id='line_1_6' title="bbox 128 755 1168 842; baseline -0.006 -19"><span class='ocrx_word' id='word_1_34' title='bbox 128 762 235 840; x_wconf 82' lang='grc' dir='ltr'><em>λῆσαι.</em></span> <span class='ocrx_word' id='word_1_35' title='bbox 282 758 399 841; x_wconf 83' lang='grc'>&lt;385&gt;</span> <span class='ocrx_word' id='word_1_36' title='bbox 425 757 487 840; x_wconf 89' lang='grc' dir='ltr'><em>τήν</em></span> <span class='ocrx_word' id='word_1_37' title='bbox 514 757 577 842; x_wconf 85' lang='grc' dir='ltr'><em>γάρ</em></span> <span class='ocrx_word' id='word_1_38' title='bbox 608 763 669 820; x_wconf 91' lang='grc' dir='ltr'><em>τοῦ</em></span> <span class='ocrx_word' id='word_1_39' title='bbox 696 755 796 820; x_wconf 86' lang='grc' dir='ltr'><em>θείου</em></span> <span class='ocrx_word' id='word_1_40' title='bbox 827 755 911 839; x_wconf 89' lang='grc' dir='ltr'><em>πρὸς</em></span> <span class='ocrx_word' id='word_1_41' title='bbox 941 755 1070 819; x_wconf 84' lang='grc' dir='ltr'><em>σαυτὸν</em></span> <span class='ocrx_word' id='word_1_42' title='bbox 1097 755 1168 818; x_wconf 64' lang='grc' dir='ltr'><em>εἴν-5</em></span> 
     </span>
     <span class='ocr_line' id='line_1_7' title="bbox 127 856 1143 949; baseline -0.003 -21"><span class='ocrx_word' id='word_1_43' title='bbox 127 887 226 930; x_wconf 90' lang='grc' dir='ltr'><em>νοιαν</em></span> <span class='ocrx_word' id='word_1_44' title='bbox 252 863 387 939; x_wconf 80' lang='grc' dir='ltr'><em>ἀπολεῖς</em></span> <span class='ocrx_word' id='word_1_45' title='bbox 417 864 567 949; x_wconf 81' lang='grc' dir='ltr'><em>παραβάς</em></span> <span class='ocrx_word' id='word_1_46' title='bbox 593 862 634 927; x_wconf 85' lang='grc' dir='ltr'><em>τά</em></span> <span class='ocrx_word' id='word_1_47' title='bbox 660 862 800 945; x_wconf 91' lang='grc' dir='ltr'><em>νόμιμα,</em></span> <span class='ocrx_word' id='word_1_48' title='bbox 831 856 887 924; x_wconf 85' lang='grc' dir='ltr'><em>καὶ</em></span> <span class='ocrx_word' id='word_1_49' title='bbox 913 861 1000 946; x_wconf 91' lang='grc' dir='ltr'><em>πρὸς</em></span> <span class='ocrx_word' id='word_1_50' title='bbox 1028 857 1143 925; x_wconf 81' lang='grc' dir='ltr'><em>ἅπαντ’</em></span> 
     </span>
     <span class='ocr_line' id='line_1_8' title="bbox 128 965 1146 1054; baseline -0.004 -20"><span class='ocrx_word' id='word_1_51' title='bbox 128 969 231 1034; x_wconf 86' lang='grc' dir='ltr'><em>αὐτοῦ</em></span> <span class='ocrx_word' id='word_1_52' title='bbox 265 969 326 1051; x_wconf 91' lang='grc' dir='ltr'><em>τήν</em></span> <span class='ocrx_word' id='word_1_53' title='bbox 358 968 492 1053; x_wconf 85' lang='grc' dir='ltr'><em>ἀγαθήν</em></span> <span class='ocrx_word' id='word_1_54' title='bbox 523 965 742 1054; x_wconf 77' lang='grc' dir='ltr'><em>ἀποστρέψεις</em></span> <span class='ocrx_word' id='word_1_55' title='bbox 770 970 943 1052; x_wconf 90' lang='grc' dir='ltr'><em>πρόνοιαν.</em></span> <span class='ocrx_word' id='word_1_56' title='bbox 992 974 1146 1032; x_wconf 88' lang='grc' dir='ltr'><em>τοιοῦτον</em></span> 
     </span>
     <span class='ocr_line' id='line_1_9' title="bbox 128 1069 1144 1161; baseline -0.003 -22"><span class='ocrx_word' id='word_1_57' title='bbox 128 1071 165 1139; x_wconf 73' lang='grc' dir='ltr'><em>δὲ</em></span> <span class='ocrx_word' id='word_1_58' title='bbox 188 1076 330 1140; x_wconf 90' lang='grc' dir='ltr'><em>σεαυτὸν</em></span> <span class='ocrx_word' id='word_1_59' title='bbox 352 1072 506 1161; x_wconf 89' lang='grc' dir='ltr'><em>παρέχων</em></span> <span class='ocrx_word' id='word_1_60' title='bbox 529 1074 647 1141; x_wconf 82' lang='grc' dir='ltr'><em>ὁποῖον</em></span> <span class='ocrx_word' id='word_1_61' title='bbox 674 1069 764 1140; x_wconf 82' lang='grc' dir='ltr'><em>εἷναί</em></span> <span class='ocrx_word' id='word_1_62' title='bbox 787 1097 823 1138; x_wconf 93' lang='grc' dir='ltr'><em>τε</em></span> <span class='ocrx_word' id='word_1_63' title='bbox 850 1074 905 1139; x_wconf 78' lang='grc' dir='ltr'><em>δεῖ</em></span> <span class='ocrx_word' id='word_1_64' title='bbox 927 1071 1021 1156; x_wconf 83' lang='grc' dir='ltr'><em>κάγὼ</em></span> <span class='ocrx_word' id='word_1_65' title='bbox 1045 1095 1144 1159; x_wconf 90' lang='grc' dir='ltr'><em>παρα-</em></span> 
     </span>
     <span class='ocr_line' id='line_1_10' title="bbox 126 1176 1144 1268; baseline -0.001 -24"><span class='ocrx_word' id='word_1_66' title='bbox 126 1185 231 1264; x_wconf 83' lang='grc' dir='ltr'><em>καλῶ,</em></span> <span class='ocrx_word' id='word_1_67' title='bbox 266 1179 419 1260; x_wconf 80' lang='grc' dir='ltr'><em>καθέξεις</em></span> <span class='ocrx_word' id='word_1_68' title='bbox 449 1181 544 1265; x_wconf 81' lang='grc' dir='ltr'><em>ήμῶν</em></span> <span class='ocrx_word' id='word_1_69' title='bbox 575 1182 637 1265; x_wconf 83' lang='grc' dir='ltr'><em>τήν</em></span> <span class='ocrx_word' id='word_1_70' title='bbox 668 1182 841 1266; x_wconf 90' lang='grc' dir='ltr'><em>βασιλείαν</em></span> <span class='ocrx_word' id='word_1_71' title='bbox 872 1188 918 1268; x_wconf 76' lang='grc' dir='ltr'><em>τῷ</em></span> <span class='ocrx_word' id='word_1_72' title='bbox 949 1176 1058 1264; x_wconf 88' lang='grc' dir='ltr'><em>γένει,</em></span> <span class='ocrx_word' id='word_1_73' title='bbox 1093 1177 1144 1244; x_wconf 84' lang='grc' dir='ltr'><em>καὶ</em></span> 
     </span>
     <span class='ocr_line' id='line_1_11' title="bbox 127 1280 1175 1374; baseline -0.004 -23"><span class='ocrx_word' id='word_1_74' title='bbox 127 1280 218 1365; x_wconf 82' lang='grc' dir='ltr'><em>οίκος</em></span> <span class='ocrx_word' id='word_1_75' title='bbox 245 1286 532 1374; x_wconf 84' lang='grc' dir='ltr'><em>ἀλλοςἙβραίων</em></span> <span class='ocrx_word' id='word_1_76' title='bbox 559 1286 620 1353; x_wconf 87' lang='grc' dir='ltr'><em>οὐκ</em></span> <span class='ocrx_word' id='word_1_77' title='bbox 647 1285 690 1352; x_wconf 85' lang='grc' dir='ltr'><em>ἀν</em></span> <span class='ocrx_word' id='word_1_78' title='bbox 717 1287 924 1370; x_wconf 88' lang='grc' dir='ltr'><em>δεσπόσειεν,</em></span> <span class='ocrx_word' id='word_1_79' title='bbox 952 1283 1027 1352; x_wconf 84' lang='grc' dir='ltr'><em>ἀλλ’</em></span> <span class='ocrx_word' id='word_1_80' title='bbox 1054 1287 1143 1372; x_wconf 76' lang='grc' dir='ltr'><em>ἡμεῖς</em></span> <span class='ocrx_word' id='word_1_81' title='bbox 1155 1307 1175 1348; x_wconf 81' lang='grc' dir='ltr'><em>ιι</em></span> 
     </span>
    </p>

    <p class='ocr_par' dir='ltr' id='par_1_3' title="bbox 39 1390 1173 2014">
     <span class='ocr_line' id='line_1_12' title="bbox 39 1390 1142 1477; baseline -0.003 -18"><span class='ocrx_word' id='word_1_82' title='bbox 39 1418 46 1428; x_wconf 86' lang='lat'><strong>·</strong></span> <span class='ocrx_word' id='word_1_83' title='bbox 127 1393 222 1460; x_wconf 81' lang='grc' dir='ltr'><em>αὐτοὶ</em></span> <span class='ocrx_word' id='word_1_84' title='bbox 246 1396 302 1460; x_wconf 87' lang='grc' dir='ltr'><em>διά</em></span> <span class='ocrx_word' id='word_1_85' title='bbox 324 1404 384 1461; x_wconf 91' lang='grc' dir='ltr'><em>τοῦ</em></span> <span class='ocrx_word' id='word_1_86' title='bbox 406 1396 530 1471; x_wconf 91' lang='grc' dir='ltr'><em>παντὸς</em></span> <span class='ocrx_word' id='word_1_87' title='bbox 553 1395 683 1470; x_wconf 85' lang='grc' dir='ltr'><em>αίώνος.</em></span> <span class='ocrx_word' id='word_1_88' title='bbox 728 1393 840 1476; x_wconf 77' lang='lat' dir='ltr'>&lt;38ss)</span> <span class='ocrx_word' id='word_1_89' title='bbox 864 1390 1013 1477; x_wconf 85' lang='grc' dir='ltr'><em>μέμνησο</em></span> <span class='ocrx_word' id='word_1_90' title='bbox 1036 1391 1075 1459; x_wconf 74' lang='grc' dir='ltr'><em>δὲ</em></span> <span class='ocrx_word' id='word_1_91' title='bbox 1092 1390 1142 1459; x_wconf 84' lang='grc' dir='ltr'><em>καὶ</em></span> 
     </span>
     <span class='ocr_line' id='line_1_13' title="bbox 126 1498 1143 1588; baseline 0.002 -25"><span class='ocrx_word' id='word_1_92' title='bbox 126 1508 184 1582; x_wconf 79' lang='grc' dir='ltr'><em>τῆς</em></span> <span class='ocrx_word' id='word_1_93' title='bbox 200 1498 336 1585; x_wconf 92' lang='grc' dir='ltr'><em>Ἰωάβου</em></span> <span class='ocrx_word' id='word_1_94' title='bbox 358 1510 419 1567; x_wconf 91' lang='grc' dir='ltr'><em>τοῦ</em></span> <span class='ocrx_word' id='word_1_95' title='bbox 442 1509 627 1588; x_wconf 80' lang='grc' dir='ltr'><em>στρατηγοῦ</em></span> <span class='ocrx_word' id='word_1_96' title='bbox 648 1502 866 1586; x_wconf 85' lang='grc' dir='ltr'><em>παρανομίας,</em></span> <span class='ocrx_word' id='word_1_97' title='bbox 888 1498 1143 1577; x_wconf 89' lang='grc' dir='ltr'><em>ἀποκτείναντος</em></span> 
     </span>
     <span class='ocr_line' id='line_1_14' title="bbox 126 1604 1142 1694; baseline 0.005 -26"><span class='ocrx_word' id='word_1_98' title='bbox 126 1605 182 1669; x_wconf 89' lang='grc' dir='ltr'><em>διά</em></span> <span class='ocrx_word' id='word_1_99' title='bbox 206 1608 406 1689; x_wconf 82' lang='grc' dir='ltr'><em>ζηλοτυπίαν</em></span> <span class='ocrx_word' id='word_1_100' title='bbox 429 1608 490 1673; x_wconf 89' lang='grc' dir='ltr'><em>δύο</em></span> <span class='ocrx_word' id='word_1_101' title='bbox 513 1609 716 1694; x_wconf 86' lang='grc' dir='ltr'><em>στρατηγοὺς</em></span> <span class='ocrx_word' id='word_1_102' title='bbox 739 1608 890 1683; x_wconf 83' lang='grc' dir='ltr'><em>δικαίους</em></span> <span class='ocrx_word' id='word_1_103' title='bbox 906 1604 962 1671; x_wconf 84' lang='grc' dir='ltr'><em>καὶ</em></span> <span class='ocrx_word' id='word_1_104' title='bbox 983 1606 1142 1690; x_wconf 87' lang='grc' dir='ltr'><em>ἀγαθούς,</em></span> 
     </span>
     <span class='ocr_line' id='line_1_15' title="bbox 122 1707 1142 1800; baseline 0.004 -25"><span class='ocrx_word' id='word_1_105' title='bbox 122 1707 323 1800; x_wconf 85' lang='grc' dir='ltr'><em>Ἀβέννηρόν</em></span> <span class='ocrx_word' id='word_1_106' title='bbox 359 1735 394 1778; x_wconf 89' lang='grc' dir='ltr'><em>τε</em></span> <span class='ocrx_word' id='word_1_107' title='bbox 425 1714 485 1778; x_wconf 90' lang='grc' dir='ltr'><em>τὸν</em></span> <span class='ocrx_word' id='word_1_108' title='bbox 517 1715 637 1800; x_wconf 91' lang='grc' dir='ltr'><em>Νήρου</em></span> <span class='ocrx_word' id='word_1_109' title='bbox 667 1714 771 1779; x_wconf 78' lang='grc' dir='ltr'><em>παῖδα</em></span> <span class='ocrx_word' id='word_1_110' title='bbox 802 1711 858 1778; x_wconf 80' lang='grc' dir='ltr'><em>καὶ</em></span> <span class='ocrx_word' id='word_1_111' title='bbox 894 1714 954 1778; x_wconf 84' lang='grc' dir='ltr'><em>τὸν</em></span> <span class='ocrx_word' id='word_1_112' title='bbox 983 1710 1142 1798; x_wconf 87' lang='grc' dir='ltr'><em>Ἀμεσσάν</em></span> 
     </span>
     <span class='ocr_line' id='line_1_16' title="bbox 124 1814 1173 1907; baseline -0.001 -25"><span class='ocrx_word' id='word_1_113' title='bbox 124 1819 202 1884; x_wconf 79' lang='grc' dir='ltr'><em>υἱὸν</em></span> <span class='ocrx_word' id='word_1_114' title='bbox 216 1816 414 1907; x_wconf 52' lang='grc' dir='ltr'><em>υἸεθράνον,</em></span> <span class='ocrx_word' id='word_1_115' title='bbox 447 1814 495 1886; x_wconf 84' lang='grc' dir='ltr'><em>ών</em></span> <span class='ocrx_word' id='word_1_116' title='bbox 527 1820 615 1898; x_wconf 87' lang='grc' dir='ltr'><em>ὅπως</em></span> <span class='ocrx_word' id='word_1_117' title='bbox 646 1821 689 1885; x_wconf 87' lang='grc' dir='ltr'><em>ἀν</em></span> <span class='ocrx_word' id='word_1_118' title='bbox 718 1836 771 1885; x_wconf 85' lang='grc' dir='ltr'><em>σοι</em></span> <span class='ocrx_word' id='word_1_119' title='bbox 799 1818 879 1904; x_wconf 81' lang='grc' dir='ltr'><em>δόζη</em></span> <span class='ocrx_word' id='word_1_120' title='bbox 905 1820 965 1884; x_wconf 91' lang='grc' dir='ltr'><em>τὸν</em></span> <span class='ocrx_word' id='word_1_121' title='bbox 993 1820 1173 1886; x_wconf 81' lang='grc' dir='ltr'><em>θάνατονιι</em></span> 
     </span>
     <span class='ocr_line' id='line_1_17' title="bbox 125 1923 1142 2014; baseline 0.005 -25"><span class='ocrx_word' id='word_1_122' title='bbox 125 1923 314 2011; x_wconf 80' lang='grc' dir='ltr'><em>ἐκδίκησον,</em></span> <span class='ocrx_word' id='word_1_123' title='bbox 338 1925 408 1993; x_wconf 86' lang='grc' dir='ltr'><em>ἐπεὶ</em></span> <span class='ocrx_word' id='word_1_124' title='bbox 431 1924 486 1992; x_wconf 87' lang='grc' dir='ltr'><em>καὶ</em></span> <span class='ocrx_word' id='word_1_125' title='bbox 509 1929 668 2014; x_wconf 89' lang='grc' dir='ltr'><em>κρείττων</em></span> <span class='ocrx_word' id='word_1_126' title='bbox 691 1926 772 2012; x_wconf 82' lang='grc' dir='ltr'><em>ἐμοῦ</em></span> <span class='ocrx_word' id='word_1_127' title='bbox 795 1925 850 1992; x_wconf 81' lang='grc' dir='ltr'><em>καὶ</em></span> <span class='ocrx_word' id='word_1_128' title='bbox 873 1927 1104 2014; x_wconf 83' lang='grc' dir='ltr'><em>δυνατώτερος</em></span> <span class='ocrx_word' id='word_1_129' title='bbox 1127 1927 1142 1994; x_wconf 84' lang='grc' dir='ltr'><em>δ</em></span> 
     </span>
    </p>

    <p class='ocr_par' dir='ltr' id='par_1_4' title="bbox 48 2027 1143 2336">
     <span class='ocr_line' id='line_1_18' title="bbox 48 2027 1143 2121; baseline 0.005 -27"><span class='ocrx_word' id='word_1_130' title='bbox 48 2049 49 2053; x_wconf 74' lang='grc'>’</span> <span class='ocrx_word' id='word_1_131' title='bbox 121 2027 254 2113; x_wconf 83' lang='grc' dir='ltr'><em>Ἰώαβος</em></span> <span class='ocrx_word' id='word_1_132' title='bbox 269 2033 317 2098; x_wconf 82' lang='grc' dir='ltr'><em>ών</em></span> <span class='ocrx_word' id='word_1_133' title='bbox 335 2032 429 2121; x_wconf 89' lang='grc' dir='ltr'><em>μέχρι</em></span> <span class='ocrx_word' id='word_1_134' title='bbox 448 2035 513 2099; x_wconf 88' lang='grc' dir='ltr'><em>νῦν</em></span> <span class='ocrx_word' id='word_1_135' title='bbox 531 2034 593 2117; x_wconf 87' lang='grc' dir='ltr'><em>τήν</em></span> <span class='ocrx_word' id='word_1_136' title='bbox 611 2035 709 2117; x_wconf 90' lang='grc' dir='ltr'><em>δίκην</em></span> <span class='ocrx_word' id='word_1_137' title='bbox 727 2031 875 2119; x_wconf 87' lang='grc' dir='ltr'><em>διέφυγε.</em></span> <span class='ocrx_word' id='word_1_138' title='bbox 912 2033 1024 2116; x_wconf 83' lang='grc'>&lt;387&gt;</span> <span class='ocrx_word' id='word_1_139' title='bbox 1039 2055 1143 2118; x_wconf 87' lang='grc' dir='ltr'><em>παρα-</em></span> 
     </span>
     <span class='ocr_line' id='line_1_19' title="bbox 122 2135 1142 2226; baseline 0.01 -29"><span class='ocrx_word' id='word_1_140' title='bbox 122 2137 257 2219; x_wconf 88' lang='grc' dir='ltr'><em>τίθεμαι</em></span> <span class='ocrx_word' id='word_1_141' title='bbox 291 2135 331 2202; x_wconf 89' lang='grc' dir='ltr'><em>δέ</em></span> <span class='ocrx_word' id='word_1_142' title='bbox 358 2155 411 2203; x_wconf 94' lang='grc' dir='ltr'><em>σοι</em></span> <span class='ocrx_word' id='word_1_143' title='bbox 443 2137 498 2203; x_wconf 83' lang='grc' dir='ltr'><em>καὶ</em></span> <span class='ocrx_word' id='word_1_144' title='bbox 530 2142 609 2216; x_wconf 88' lang='grc' dir='ltr'><em>τοὺς</em></span> <span class='ocrx_word' id='word_1_145' title='bbox 635 2142 833 2226; x_wconf 88' lang='grc' dir='ltr'><em>Βερζελαίον</em></span> <span class='ocrx_word' id='word_1_146' title='bbox 865 2147 925 2205; x_wconf 92' lang='grc' dir='ltr'><em>τοῦ</em></span> <span class='ocrx_word' id='word_1_147' title='bbox 954 2141 1142 2207; x_wconf 91' lang='grc' dir='ltr'><em>Γαλαδίτου</em></span> 
     </span>
     <span class='ocr_line' id='line_1_20' title="bbox 122 2240 1141 2336; baseline 0.014 -35"><span class='ocrx_word' id='word_1_148' title='bbox 122 2240 256 2324; x_wconf 71' lang='grc' dir='ltr'><em>παῖδας,</em></span> <span class='ocrx_word' id='word_1_149' title='bbox 290 2242 349 2318; x_wconf 84' lang='grc' dir='ltr'><em>οὓς</em></span> <span class='ocrx_word' id='word_1_150' title='bbox 381 2242 417 2308; x_wconf 90' lang='grc' dir='ltr'><em>έν</em></span> <span class='ocrx_word' id='word_1_151' title='bbox 449 2253 525 2329; x_wconf 75' lang='grc' dir='ltr'><em>τιμῇ</em></span> <span class='ocrx_word' id='word_1_152' title='bbox 558 2246 646 2330; x_wconf 86' lang='grc' dir='ltr'><em>πάση</em></span> <span class='ocrx_word' id='word_1_153' title='bbox 676 2244 729 2310; x_wconf 82' lang='grc' dir='ltr'><em>καὶ</em></span> <span class='ocrx_word' id='word_1_154' title='bbox 757 2252 914 2336; x_wconf 78' lang='grc' dir='ltr'><em>προνοίᾳ,</em></span> <span class='ocrx_word' id='word_1_155' title='bbox 946 2246 1036 2313; x_wconf 88' lang='grc' dir='ltr'><em>τοῦτ’</em></span> <span class='ocrx_word' id='word_1_156' title='bbox 1069 2247 1141 2334; x_wconf 82' lang='grc' dir='ltr'><em>ἐμοὶ</em></span> 
     </span>
    </p>

    <p class='ocr_par' dir='ltr' id='par_1_5' title="bbox 64 2347 1176 3175">
     <span class='ocr_line' id='line_1_21' title="bbox 64 2347 1176 2441; baseline 0.013 -34"><span class='ocrx_word' id='word_1_157' title='bbox 64 2403 66 2406; x_wconf 20' lang='lat'><em>⁴</em></span> <span class='ocrx_word' id='word_1_158' title='bbox 121 2347 349 2430; x_wconf 82' lang='grc' dir='ltr'><em>χαριζόμενος,</em></span> <span class='ocrx_word' id='word_1_159' title='bbox 381 2347 476 2427; x_wconf 77' lang='grc' dir='ltr'><em>έξεις·</em></span> <span class='ocrx_word' id='word_1_160' title='bbox 510 2350 551 2414; x_wconf 87' lang='grc' dir='ltr'><em>οὐ</em></span> <span class='ocrx_word' id='word_1_161' title='bbox 582 2353 852 2439; x_wconf 86' lang='grc' dir='ltr'><em>προκατάρχομεν</em></span> <span class='ocrx_word' id='word_1_162' title='bbox 884 2356 947 2441; x_wconf 90' lang='grc' dir='ltr'><em>γάρ</em></span> <span class='ocrx_word' id='word_1_163' title='bbox 980 2355 1176 2440; x_wconf 70' lang='grc' dir='ltr'><em>εῦποιιάς,ιθ</em></span> 
     </span>
     <span class='ocr_line' id='line_1_22' title="bbox 122 2447 1141 2548; baseline 0.014 -34"><span class='ocrx_word' id='word_1_164' title='bbox 122 2447 194 2514; x_wconf 88' lang='grc' dir='ltr'><em>ἀλλ’</em></span> <span class='ocrx_word' id='word_1_165' title='bbox 225 2451 369 2539; x_wconf 88' lang='grc' dir='ltr'><em>ἀμοιβήν</em></span> <span class='ocrx_word' id='word_1_166' title='bbox 401 2449 449 2522; x_wconf 82' lang='grc' dir='ltr'><em>ὧν</em></span> <span class='ocrx_word' id='word_1_167' title='bbox 481 2455 499 2522; x_wconf 87' lang='grc' dir='ltr'><strong>ὁ</strong></span> <span class='ocrx_word' id='word_1_168' title='bbox 531 2458 638 2546; x_wconf 89' lang='grc' dir='ltr'><em>πατήρ</em></span> <span class='ocrx_word' id='word_1_169' title='bbox 672 2457 783 2538; x_wconf 86' lang='grc' dir='ltr'><em>αὐτῶν</em></span> <span class='ocrx_word' id='word_1_170' title='bbox 815 2463 904 2548; x_wconf 81' lang='grc' dir='ltr'><em>παρὰ</em></span> <span class='ocrx_word' id='word_1_171' title='bbox 933 2461 995 2544; x_wconf 90' lang='grc' dir='ltr'><em>τήν</em></span> <span class='ocrx_word' id='word_1_172' title='bbox 1027 2464 1141 2546; x_wconf 88' lang='grc' dir='ltr'><em>φυγήν</em></span> 
     </span>
     <span class='ocr_line' id='line_1_23' title="bbox 120 2556 1137 2654; baseline 0.009 -29"><span class='ocrx_word' id='word_1_173' title='bbox 120 2556 247 2645; x_wconf 79' lang='grc' dir='ltr'><em>ὑπῆρξέ</em></span> <span class='ocrx_word' id='word_1_174' title='bbox 271 2585 328 2648; x_wconf 89' lang='grc' dir='ltr'><em>μοι</em></span> <span class='ocrx_word' id='word_1_175' title='bbox 354 2571 614 2652; x_wconf 76' lang='grc' dir='ltr'><em>χρεολυτοῦμεν.</em></span> <span class='ocrx_word' id='word_1_176' title='bbox 664 2568 780 2654; x_wconf 85' lang='grc'>&lt;388&gt;</span> <span class='ocrx_word' id='word_1_177' title='bbox 807 2565 862 2632; x_wconf 80' lang='grc' dir='ltr'><em>καὶ</em></span> <span class='ocrx_word' id='word_1_178' title='bbox 894 2570 953 2633; x_wconf 90' lang='grc' dir='ltr'><em>τὸν</em></span> <span class='ocrx_word' id='word_1_179' title='bbox 981 2570 1074 2654; x_wconf 84' lang='grc' dir='ltr'><em>Γηρᾶ</em></span> <span class='ocrx_word' id='word_1_180' title='bbox 1108 2568 1137 2634; x_wconf 86' lang='grc' dir='ltr'><em>δ’</em></span> 
     </span>
     <span class='ocr_line' id='line_1_24' title="bbox 120 2663 1140 2761; baseline 0.012 -31"><span class='ocrx_word' id='word_1_181' title='bbox 120 2666 198 2732; x_wconf 87' lang='grc' dir='ltr'><em>υίὸν</em></span> <span class='ocrx_word' id='word_1_182' title='bbox 216 2673 346 2756; x_wconf 90' lang='grc' dir='ltr'><em>Σεμεεί,</em></span> <span class='ocrx_word' id='word_1_183' title='bbox 369 2673 429 2738; x_wconf 91' lang='grc' dir='ltr'><em>τὸν</em></span> <span class='ocrx_word' id='word_1_184' title='bbox 452 2672 488 2738; x_wconf 92' lang='grc' dir='ltr'><em>έκ</em></span> <span class='ocrx_word' id='word_1_185' title='bbox 505 2663 564 2758; x_wconf 78' lang='grc' dir='ltr'><em>τῆς</em></span> <span class='ocrx_word' id='word_1_186' title='bbox 582 2676 814 2761; x_wconf 86' lang='grc' dir='ltr'><em>Βενιαμίτιδος</em></span> <span class='ocrx_word' id='word_1_187' title='bbox 834 2681 953 2759; x_wconf 87' lang='grc' dir='ltr'><em>φνλής,</em></span> <span class='ocrx_word' id='word_1_188' title='bbox 977 2674 1014 2750; x_wconf 85' lang='grc' dir='ltr'><em>ὃς</em></span> <span class='ocrx_word' id='word_1_189' title='bbox 1032 2679 1140 2742; x_wconf 83' lang='grc' dir='ltr'><em>πολλὰ</em></span> 
     </span>
     <span class='ocr_line' id='line_1_25' title="bbox 121 2775 1139 2866; baseline 0.012 -29"><span class='ocrx_word' id='word_1_190' title='bbox 121 2775 360 2860; x_wconf 79' lang='grc' dir='ltr'><em>βλασφημήσας</em></span> <span class='ocrx_word' id='word_1_191' title='bbox 380 2803 420 2862; x_wconf 91' lang='grc' dir='ltr'><em>με</em></span> <span class='ocrx_word' id='word_1_192' title='bbox 438 2780 527 2866; x_wconf 82' lang='grc' dir='ltr'><em>παρὰ</em></span> <span class='ocrx_word' id='word_1_193' title='bbox 545 2781 607 2864; x_wconf 87' lang='grc' dir='ltr'><em>τήν</em></span> <span class='ocrx_word' id='word_1_194' title='bbox 630 2784 752 2866; x_wconf 90' lang='grc' dir='ltr'><em>φυγήν,</em></span> <span class='ocrx_word' id='word_1_195' title='bbox 778 2779 826 2846; x_wconf 85' lang='grc' dir='ltr'><em>ὅτ’</em></span> <span class='ocrx_word' id='word_1_196' title='bbox 853 2783 901 2859; x_wconf 90' lang='grc' dir='ltr'><em>είς</em></span> <span class='ocrx_word' id='word_1_197' title='bbox 918 2785 1139 2866; x_wconf 79' lang='grc' dir='ltr'><em>Παρεμβολὰς</em></span> 
     </span>
     <span class='ocr_line' id='line_1_26' title="bbox 121 2866 1175 2971; baseline 0.012 -29"><span class='ocrx_word' id='word_1_198' title='bbox 121 2876 341 2966; x_wconf 85' lang='grc' dir='ltr'><em>ἐπορευόμην,</em></span> <span class='ocrx_word' id='word_1_199' title='bbox 369 2882 555 2966; x_wconf 77' lang='grc' dir='ltr'><em>ἀπήντησεν</em></span> <span class='ocrx_word' id='word_1_200' title='bbox 583 2866 718 2951; x_wconf 32' lang='grc' dir='ltr'><em>έπὶχτὸν</em></span> <span class='ocrx_word' id='word_1_201' title='bbox 738 2884 909 2971; x_wconf 89' lang='grc' dir='ltr'><em>Ἰορδάνην</em></span> <span class='ocrx_word' id='word_1_202' title='bbox 932 2885 987 2951; x_wconf 89' lang='grc' dir='ltr'><em>καὶ</em></span> <span class='ocrx_word' id='word_1_203' title='bbox 1010 2891 1139 2967; x_wconf 86' lang='grc' dir='ltr'><em>πίστεις</em></span> <span class='ocrx_word' id='word_1_204' title='bbox 1152 2905 1175 2947; x_wconf 75' lang='lat'><em>25</em></span> 
     </span>
     <span class='ocr_line' id='line_1_27' title="bbox 121 2983 1138 3079; baseline 0.014 -32"><span class='ocrx_word' id='word_1_205' title='bbox 121 2984 238 3068; x_wconf 86' lang='grc' dir='ltr'><em>ἐλαβεν</em></span> <span class='ocrx_word' id='word_1_206' title='bbox 266 2984 311 3060; x_wconf 86' lang='grc' dir='ltr'><em>ώς</em></span> <span class='ocrx_word' id='word_1_207' title='bbox 333 2983 437 3069; x_wconf 74' lang='grc' dir='ltr'><em>μηδὲν</em></span> <span class='ocrx_word' id='word_1_208' title='bbox 460 2987 563 3052; x_wconf 84' lang='grc' dir='ltr'><em>αὐτὸν</em></span> <span class='ocrx_word' id='word_1_209' title='bbox 584 2994 709 3053; x_wconf 80' lang='grc' dir='ltr'><em>παθεῖν</em></span> <span class='ocrx_word' id='word_1_210' title='bbox 735 2993 823 3074; x_wconf 91' lang='grc' dir='ltr'><em>τότε,</em></span> <span class='ocrx_word' id='word_1_211' title='bbox 851 3001 916 3057; x_wconf 92' lang='grc' dir='ltr'><em>νῦν</em></span> <span class='ocrx_word' id='word_1_212' title='bbox 943 2992 1138 3079; x_wconf 79' lang='grc' dir='ltr'><em>ἐπιζητήσας</em></span> 
     </span>
     <span class='ocr_line' id='line_1_28' title="bbox 120 3090 561 3175; baseline 0.011 -23"><span class='ocrx_word' id='word_1_213' title='bbox 120 3091 231 3155; x_wconf 91' lang='grc' dir='ltr'><em>αίτίαν</em></span> <span class='ocrx_word' id='word_1_214' title='bbox 254 3091 393 3174; x_wconf 77' lang='grc' dir='ltr'><em>εὔλογον</em></span> <span class='ocrx_word' id='word_1_215' title='bbox 416 3090 561 3175; x_wconf 86' lang='grc' dir='ltr'><em>ἀμυναι.’</em></span> 
     </span>
    </p>

    <p class='ocr_par' dir='ltr' id='par_1_6' title="bbox 83 3193 1174 3500">
     <span class='ocr_line' id='line_1_29' title="bbox 83 3193 1136 3291; baseline 0.012 -32"><span class='ocrx_word' id='word_1_216' title='bbox 83 3206 100 3258; x_wconf 77' lang='lat'>2</span> <span class='ocrx_word' id='word_1_217' title='bbox 186 3193 304 3280; x_wconf 82' lang='lat'>&lt;389&gt;</span> <span class='ocrx_word' id='word_1_218' title='bbox 330 3205 432 3262; x_wconf 90' lang='grc' dir='ltr'><em>ταῦτα</em></span> <span class='ocrx_word' id='word_1_219' title='bbox 463 3195 665 3282; x_wconf 88' lang='grc' dir='ltr'><em>παραινέσας</em></span> <span class='ocrx_word' id='word_1_220' title='bbox 691 3209 737 3289; x_wconf 75' lang='grc' dir='ltr'><em>τῷ</em></span> <span class='ocrx_word' id='word_1_221' title='bbox 769 3201 863 3267; x_wconf 79' lang='grc' dir='ltr'><em>παιδὶ</em></span> <span class='ocrx_word' id='word_1_222' title='bbox 895 3208 974 3291; x_wconf 91' lang='grc' dir='ltr'><em>περί</em></span> <span class='ocrx_word' id='word_1_223' title='bbox 1002 3230 1037 3270; x_wconf 89' lang='grc' dir='ltr'><em>τε</em></span> <span class='ocrx_word' id='word_1_224' title='bbox 1068 3219 1136 3273; x_wconf 83' lang='grc' dir='ltr'><em>τῶν</em></span> 
     </span>
     <span class='ocr_line' id='line_1_30' title="bbox 118 3296 1135 3396; baseline 0.015 -34"><span class='ocrx_word' id='word_1_225' title='bbox 118 3296 206 3363; x_wconf 84' lang='grc' dir='ltr'><em>ὅλων</em></span> <span class='ocrx_word' id='word_1_226' title='bbox 235 3302 437 3388; x_wconf 82' lang='grc' dir='ltr'><em>πραγμάτων</em></span> <span class='ocrx_word' id='word_1_227' title='bbox 465 3300 520 3368; x_wconf 80' lang='grc' dir='ltr'><em>καὶ</em></span> <span class='ocrx_word' id='word_1_228' title='bbox 549 3302 625 3390; x_wconf 80' lang='grc' dir='ltr'><em>περὶ</em></span> <span class='ocrx_word' id='word_1_229' title='bbox 654 3316 723 3371; x_wconf 82' lang='grc' dir='ltr'><em>τῶν</em></span> <span class='ocrx_word' id='word_1_230' title='bbox 752 3309 862 3392; x_wconf 90' lang='grc' dir='ltr'><em>φίλων</em></span> <span class='ocrx_word' id='word_1_231' title='bbox 891 3307 946 3372; x_wconf 81' lang='grc' dir='ltr'><em>καὶ</em></span> <span class='ocrx_word' id='word_1_232' title='bbox 974 3310 1033 3387; x_wconf 84' lang='grc' dir='ltr'><em>οὓς</em></span> <span class='ocrx_word' id='word_1_233' title='bbox 1062 3310 1135 3396; x_wconf 76' lang='grc' dir='ltr'><em>ᾔδει</em></span> 
     </span>
     <span class='ocr_line' id='line_1_31' title="bbox 116 3406 1174 3500; baseline 0.017 -35"><span class='ocrx_word' id='word_1_234' title='bbox 116 3407 276 3487; x_wconf 88' lang='grc' dir='ltr'><em>τιμωρίας</em></span> <span class='ocrx_word' id='word_1_235' title='bbox 289 3406 403 3486; x_wconf 81' lang='grc' dir='ltr'><em>ἀξίους</em></span> <span class='ocrx_word' id='word_1_236' title='bbox 416 3409 667 3496; x_wconf 88' lang='grc' dir='ltr'><em>γεγενημένους,</em></span> <span class='ocrx_word' id='word_1_237' title='bbox 682 3411 852 3479; x_wconf 89' lang='grc' dir='ltr'><em>ἀπέθανεν</em></span> <span class='ocrx_word' id='word_1_238' title='bbox 866 3417 921 3497; x_wconf 83' lang='grc' dir='ltr'><em>ἐτη</em></span> <span class='ocrx_word' id='word_1_239' title='bbox 936 3413 997 3499; x_wconf 76' lang='grc' dir='ltr'><em>μὲν</em></span> <span class='ocrx_word' id='word_1_240' title='bbox 1011 3418 1135 3500; x_wconf 84' lang='grc' dir='ltr'><em>βιώσας</em></span> <span class='ocrx_word' id='word_1_241' title='bbox 1148 3436 1174 3476; x_wconf 72' lang='lat'><em>3⁰</em></span> 
     </span>
    </p>

    <p class='ocr_par' dir='ltr' id='par_1_7' title="bbox 189 3527 538 3600">
     <span class='ocr_line' id='line_1_32' title="bbox 189 3527 538 3600; baseline 0.006 -24"><span class='ocrx_word' id='word_1_242' title='bbox 189 3527 275 3588; x_wconf 76' lang='grc' dir='ltr'><em>ςιει</em></span> <span class='ocrx_word' id='word_1_243' title='bbox 296 3529 538 3600; x_wconf 51' lang='grc' dir='ltr'><em>κεκοςΠι.</em></span> 
     </span>
    </p>
   </div>
   <div class='ocr_carea' id='block_1_3' title="bbox 0 0 1204 3840">
    <p class='ocr_par' dir='ltr' id='par_1_8' title="bbox 0 0 1204 3840">
     <span class='ocr_line' id='line_1_33' title="bbox 0 0 1204 3840; baseline 0 1"><span class='ocrx_word' id='word_1_244' title='bbox 0 0 1204 3840; x_wconf 95' lang='lat' dir='ltr'><em> </em></span> 
     </span>
    </p>
   </div>
  </div>
 </body>
</html>
