2400 3840
116 128 182 193 332
488 127 761 181 ΔΡΧιιοιοτιεΣ

115 294 370 375 καλλιεροῦντες
391 290 455 372 ἥδη
473 290 534 353 τὸν
552 288 636 354 θεὸν
655 285 803 352 ἱκέτευον
822 285 947 370 εὐμενῆ
966 282 1026 351 καὶ
1045 286 1135 350 ἵλεων

116 395 232 472 αὐτοῖς
257 395 427 480 ὑπάρχειν.
474 396 571 478 <65>
597 394 657 459 τὸν
684 390 715 458 δ’
744 391 899 477 ἀρχιερέα
927 391 1135 477 προσέταξεν,
1178 404 1180 460 λ

117 508 151 567 εί
170 527 201 566 τι
220 502 374 584 περιττὸν
391 499 457 565 ὑπὸ
475 509 544 564 τῶν
561 500 738 585 προγόνων
756 506 874 574 σκεῦος
897 509 970 575 τοῖς
990 500 1134 573 εἰδώλοις

46 644 48 651 1
116 605 172 672 καὶ
200 607 341 684 ξενικοῖς
367 612 461 682 θεοῖς
487 602 697 670 κατασταθὲν
723 599 766 687 ην
793 603 830 669 έν
852 613 899 691 τῷ
925 613 1016 691 ναῷ,
1044 613 1134 668 τοῦτο

119 711 280 797 ἐκβαλεῖν.
302 708 622 797 συναθροισθέντων
631 706 668 775 δέ
678 715 821 792 πολλῶν,
830 710 1050 795 καταπρήσας
1060 708 1154 773 αὐτάι

117 819 179 901 την
203 817 330 883 σποδὸν
352 816 463 882 αὐτῶν
486 813 666 901 διέσπειρε,
692 812 749 880 καὶ
775 817 854 891 τοὺς
878 815 980 900 ίερεῖς
1005 827 1075 880 τῶν
1096 817 1135 879 εί-

119 923 248 1007 δῶλων,
271 923 331 988 οὐκ
354 925 453 999 ὄντας
477 920 512 986 ἐκ
535 931 596 987 τοῦ
616 920 781 1007 Ἀαρῶνος
803 919 934 1004 γένους,
959 920 1134 986 ἀπέκτεινε.

82 1049 99 1095 4
185 1029 271 1110 <66>
293 1035 396 1092 ταῦτα
420 1025 451 1092 δ’
473 1026 510 1093 έν
528 1039 599 1105 τοῖς
612 1026 854 1114 Ἱεροσολύμοις
871 1026 1134 1113 διαπραξάμενος

117 1128 197 1215 ἧκεν
220 1134 268 1208 είς
289 1132 351 1215 τὴν
373 1134 497 1219 χώραν,
519 1132 575 1199 καὶ
597 1136 638 1199 τά
657 1129 971 1199 κατασκευασθέντα
995 1132 1036 1197 έν
1059 1134 1134 1217 αὐτῇ

117 1238 182 1305 ὑπὸ
202 1235 413 1324 Ἱεροβοάμου
435 1248 496 1304 τοῦ
519 1238 680 1324 βασιλέως
707 1240 755 1316 είς
781 1239 880 1323 τιμὴν
902 1249 972 1302 τῶν
999 1237 1135 1316 ξενικῶν
1146 1257 1164 1298 ιι

117 1352 209 1411 θεῶν
232 1344 391 1430 ἠφάνισε,
418 1341 473 1410 καί
500 1346 541 1411 τά
568 1345 648 1410 ὀστᾶ
676 1356 744 1410 τῶν
770 1344 1065 1427 ψευδοπροφητῶν
1087 1341 1134 1410 ἐπὶ

117 1460 178 1516 τοῦ
201 1454 331 1536 βωμοῦ,
359 1450 399 1516 ὃν
420 1451 637 1516 κατεσκεύασε
661 1462 792 1536 πρῶτος
810 1448 1037 1535 Ἱεροβόαμος,
1065 1473 1135 1515 κατ-

118 1555 245 1621 έκαυσε.
291 1557 386 1637 <67>
416 1565 519 1621 ταῦτα
549 1552 587 1621 δὲ
615 1557 791 1641 προφήτην
818 1557 1026 1621 κατελθόντα
1057 1559 1136 1640 πρὸς

113 1659 340 1745 Ἱεροβόαμον,
359 1663 582 1740 ’θυσιάζοντος
604 1661 708 1727 αὐτοῦ
730 1658 786 1725 καὶ
808 1661 932 1737 παντὸς
954 1660 1135 1738 ἀκούοντος

117 1775 178 1832 τοῦ
202 1772 301 1852 λαοῦ,
323 1773 600 1854 προκαταγγεῖλαι
623 1769 841 1851 γενησόμενα,
869 1766 919 1830 ότι
941 1789 994 1844 τις
1018 1767 1055 1832 ἐκ
1078 1776 1134 1833 τοῦ
1147 1784 1166 1826 υ

118 1874 274 1938 Δαυίδου
297 1872 416 1956 γένους
435 1871 562 1950 Ἰωσίας
588 1873 735 1955 τοῦνομα
757 1873 887 1954 ποιησει
914 1872 955 1935 τά
982 1895 1136 1959 προειρη-

118 1977 269 2062 μένα...
306 1975 429 2061 συνέβη
453 1975 612 2043 δὲταῦτα
635 1980 750 2061 λαβεῖν
768 1973 862 2052 τέλος
880 1972 949 2059 μετ’
970 1974 1029 2060 ’ἔτη
1047 2003 1136 2065 τρια-

118 2088 214 2150 κόσια
236 2084 292 2150 καὶ
316 2083 520 2167 ἑξηκονταέν.

82 2208 99 2254 5
184 2188 270 2271 <68>
293 2191 373 2271 μετά
397 2186 559 2253 δὲταῦτα
587 2189 604 2254 ὁ
627 2191 784 2271 βασιλεὺς
803 2185 928 2262 Ἰωσίας
955 2188 1138 2274 πορευθεὶς

117 2288 172 2355 καὶ
191 2294 273 2375 πρὸς
291 2295 370 2368 τοὺς
388 2293 510 2367 ἀλλους
527 2303 595 2356 τῶν
611 2291 832 2377 Ἰσραηλιτῶν,
851 2292 923 2357 όσοι
941 2294 1004 2376 την
1020 2298 1136 2380 αίχμα-
1149 2313 1171 2354 νο

117 2397 243 2461 λωσίαν
260 2394 315 2461 καὶ
334 2397 395 2480 τὴν
414 2397 570 2473 δουλείαν
584 2398 646 2481 τὴν
659 2397 724 2463 ὑπὸ
742 2410 810 2465 τῶν
821 2396 1004 2484 Ἀσσυρίων
1020 2400 1136 2487 διέφυ-

117 2525 194 2586 γον,
222 2501 357 2588 ἀφεῖναι
384 2499 446 2589 μὲν
472 2505 531 2582 τάς
554 2503 683 2589 ἀσεβεῖς
710 2503 844 2591 πράξεις
870 2503 925 2569 καλ
952 2507 1012 2583 τάς
1041 2512 1137 2593 τιμάς

117 2612 177 2689 τάς
198 2613 282 2697 πρὸς
304 2615 382 2689 τοὺς
404 2611 601 2699 ἀλλοτρίους
628 2615 730 2688 θεοὺς
759 2609 988 2693 ἐγκαταλιπεῖν
1016 2614 1136 2697 ἔπεισε,

117 2720 177 2783 τὸν
200 2714 237 2783 δὲ
260 2720 401 2804 πάτριον
422 2714 477 2782 καὶ
497 2716 652 2801 μέγιστον
670 2718 754 2782 θεὸν
777 2716 928 2798 εὐσεβεῖν
948 2713 1002 2780 καὶ
1027 2720 1135 2807 τούτῳ

116 2822 349 2909 προσανέχειν·
371 2823 459 2905 <69>
481 2824 540 2898 τὰς
563 2825 669 2898 οίκίας
691 2817 803 2886 τεκαὶ
826 2821 884 2897 τάς
905 2822 1018 2905 κώμας
1038 2823 1134 2911 ηρεύ-
1149 2840 1172 2881 νε

117 2945 198 3011 νησε
216 2930 272 2994 καὶ
290 2930 348 3004 τάς
366 2930 489 3008 πόλεις,
512 2930 557 3010 μή
574 2950 625 3002 τις
644 2928 744 2992 ἔνδον
763 2929 831 3011 ἔχοι
849 2949 881 2990 τι
899 2937 967 2991 τῶν
986 2930 1135 2996 είδώλων

118 3033 282 3099 ὑπονοῶν.
333 3033 373 3097 οὐ
402 3032 469 3114 μην
496 3030 580 3095 ἀλλά
609 3028 665 3095 καὶ
695 3033 735 3095 τά
764 3044 835 3109 τοῖς
863 3034 1135 3119 βασιλευομένοις

118 3137 286 3221 ἐφεστῶτα
309 3139 446 3222 ἀρματα,
470 3134 491 3200 ά
513 3135 757 3200 κατεσκεύασαν
781 3137 816 3200 οί
831 3140 1003 3222 πρόγονοι,
1026 3140 1082 3205 καὶ
1106 3148 1139 3206 εί

116 3267 148 3307 τι
172 3245 252 3309 ἀλλο
274 3252 427 3309 τοιοῦτον
444 3236 488 3324 ἦν
507 3234 532 3328 ᾧ
550 3242 781 3325 προσεκύνουν
799 3241 845 3317 ὡς
861 3248 943 3330 θεῷ,
966 3243 1133 3330 ἐβάστασε.

117 3347 219 3432 <70>
252 3347 307 3413 καὶ
339 3350 524 3432 καθαρίσας
556 3344 643 3409 οὕτω
674 3347 737 3430 τὴν
765 3346 876 3431 χώραν
908 3349 1054 3435 άπασαν,
1087 3356 1133 3430 είς
1147 3369 1171 3409 ω

189 3466 539 3537 ςοιειωιςαὶῖῐῐῑν
852 3466 1001 3552 -ΧΧΧῖι,
