2400 3840
516 133 615 182 ΕΚΤΗ
1035 130 1079 194 43

10 272 12 305 ⁵
62 290 235 376 νεανίσκῳ,
257 285 313 352 καὶ
337 291 553 374 λογισάμενος
576 288 680 375 μηδὲν
703 293 788 357 οὕτω
817 294 897 375 μετὰ
925 293 1079 376 λαμπρὰν

64 392 228 478 εὐφημίαν
251 393 272 477 ή
299 395 361 478 τήν
388 399 560 479 βασιλείαν
586 398 737 481 ὑστερεῖν
765 395 868 484 αὐτῷ,
897 399 1078 479 φοβεῖσθαι

63 497 114 564 καὶ
139 500 343 566 ὑποπτεύειν
364 501 485 587 ήρξατο
513 505 572 569 τὸν
595 504 759 586 Δαυίδην.
807 503 915 585 (195)
938 499 993 566 καὶ
1020 512 1078 585 τῆς

63 603 121 690 μὲν
143 607 278 692 πρώτης
299 606 434 691 τάξεως,
462 606 532 673 ἐπεὶ
559 617 605 696 τῷ
633 608 701 673 δέει
728 612 869 691 πλησίον
897 607 1000 674 αὐτοῦ
1022 606 1077 672 καὶ

42 717 136 779 ιλίαν
170 711 269 795 ἐγγὺς
300 712 406 779 ε’δόκει
439 711 591 799 (ἐποίησε
627 716 689 800 γὰρ
727 714 829 781 αὐτὸν
861 715 1077 799 ὁπλοφόρον),

63 821 264 902 μεταστήσας
286 819 502 885 ἀποδείκνυσι
529 824 715 905 χιλίαρχον,
743 823 824 898 δοὺς
851 820 939 908 αὐτῷ
967 821 1078 904 χώραν

63 923 220 1009 ἀμείνονα
243 921 305 1009 μὲν
328 928 499 1011 σφαλερὰν
526 924 574 1010 δ’,
598 927 643 1004 ὡς
666 926 829 1012 ἐνόμιζεν,
852 926 953 1014 αὐτῷ·
983 925 1077 1011 ἐβού-

62 1035 132 1096 λετο
156 1032 222 1117 γὰρ
245 1034 293 1108 είς
314 1035 393 1109 τοὺς
415 1035 594 1116 πολεμίους
616 1033 719 1099 αὐτὸν
743 1032 919 1117 ἐκπέμπειν
941 1031 996 1097 καὶ
1019 1035 1077 1110 τὰς

63 1136 166 1221 μάχας
187 1137 233 1214 ὡς
257 1136 294 1204 ἐν
315 1149 386 1215 τοῖς
408 1139 581 1215 κινδύνοις
603 1137 858 1221 τεθνηξόμενον.

32 1265 52 1304 ιο
124 1244 236 1328 <196>
258 1245 411 1326 Δαυίδης
438 1240 475 1308 δέ
497 1254 667 1328 πανταχοῦ
689 1247 749 1310 τὸν
771 1248 855 1311 θεὸν
879 1244 1114 1328 ἐπαγόμενοςα

62 1349 135 1414 ὅποι
149 1346 224 1414 ποτ’
241 1349 394 1433 ἀφίκοιτο
408 1351 585 1434 κατώρθου
602 1347 657 1415 καὶ
672 1352 884 1435 διευπραγῶν
898 1349 1078 1433 ἐδείκνυτο,

61 1455 104 1532 ὡς
125 1453 173 1520 δι’
197 1455 388 1542 ὑπερβολήν
409 1465 469 1539 τῆς
491 1456 647 1540 ἀνδρείας
668 1457 728 1522 τόν
747 1480 782 1522 τε
801 1460 883 1523 λαὸν
901 1455 1005 1522 αὐτοῦ
1022 1454 1078 1521 καὶ

59 1562 119 1644 τήν
141 1563 302 1627 Σαούλου
328 1560 513 1645 θυγατέρα,
543 1561 715 1647 παρθένον
743 1560 788 1628 ἐτ’
814 1557 933 1646 οὖσαν,
962 1568 1078 1648 λαβεῖν

60 1670 179 1753 ἔρωτα,
211 1664 266 1732 καὶ
293 1675 354 1732 τοῦ
381 1668 513 1745 πάθονς
540 1668 768 1752 ὑπερκρατοῦς
795 1672 891 1746 όντος
918 1669 1077 1751 γενέσθαι

28 1775 211 1860 αφανεράν
232 1771 288 1839 καὶ
311 1776 536 1858 διαβληθῆναι
558 1776 642 1859 πρὸς
664 1776 724 1839 τὸν
745 1774 879 1859 πατέρα.
925 1775 1035 1858 <197>
1058 1776 1075 1840 δ

59 1878 89 1944 δ’
113 1881 162 1958 ὡς
184 1878 319 1965 ἀφορμή
342 1882 546 1964 χρησόμενος
568 1887 626 1962 τῆς
649 1877 703 1944 ἐπὶ
721 1881 876 1962 Δαυίδην
899 1879 1077 1965 ἐπιβουλῆς

57 1985 164 2069 ἡδέως
184 1986 317 2069 ἤκουσε,
340 1984 396 2050 καὶ
420 1987 541 2051 δώσειν
563 1986 746 2068 προθύμως
764 1984 853 2073 αὐτῷ
872 1986 933 2068 τήν
951 1985 1077 2070 παρθέ-

58 2115 119 2158 νον
140 2094 227 2178 πρὸς
244 2094 323 2168 τοὺς
340 2094 401 2157 τὸν
415 2094 520 2175 ἔρωτα
538 2093 749 2175 μηνύσαντας
766 2090 868 2175 αὐτῆς
883 2094 957 2175 ἔφη,
980 2115 1076 2176 γενη-

59 2201 203 2283 σόμενον
217 2197 381 2274 ἀπωλείας
393 2195 448 2262 καὶ
467 2198 636 2263 κινδύνων
655 2204 763 2264 αίτιον
781 2197 870 2288 αὐτῷ
890 2198 1076 2289 ληψομένῳ.

25 2301 262 2386 ιο(κατεγγυῶ’
288 2305 353 2389 γὰρ
386 2299 477 2369 εἶπεν
506 2303 610 2392 αὐτῷ
642 2308 702 2371 τὸν
728 2314 787 2388 τῆς
813 2310 982 2391 θυγατρός
1011 2330 1076 2390 μου

58 2411 177 2495 γάμον,
194 2409 238 2476 ἀν
257 2407 427 2486 ἑξακοσίας
444 2433 500 2492 μοι
513 2413 634 2495 κομίση
651 2413 798 2495 αεφαλάς
815 2423 883 2477 τῶν
899 2416 1075 2496 πολεμίων.

58 2517 168 2598 <198>
191 2515 210 2581 ὃ
234 2511 272 2580 δὲ
293 2512 349 2580 καὶ
368 2514 473 2600 γέρως
491 2515 577 2580 οὕτω
596 2522 749 2602 λαμπροῦ
771 2516 1002 2600 προτεθέντος,
1021 2516 1075 2583 καὶ

58 2624 265 2707 βουλόμενος
303 2619 353 2685 ἐπ’
384 2624 469 2710 ἐργῳ
505 2623 684 2708 παραβόλῳ
716 2620 771 2686 καὶ
802 2621 928 2710 ἀπίστῳ
961 2627 1076 2707 λαβεῖν

57 2727 164 2812 κλέος,
187 2727 325 2813 ὁρμήσει
348 2724 410 2812 μὲν
433 2725 486 2793 ἐπὶ
509 2728 570 2811 τήν
591 2725 721 2811 πρᾶξιν,
752 2727 1018 2811 διαφθαρήσεται
1042 2727 1073 2792 δ’

24 2836 123 2901 πύπὸ
147 2845 216 2899 τῶν
234 2839 480 2917 Παλαιστινῖιν,
498 2832 557 2899 καὶ
575 2833 717 2919 χωρήσει
736 2855 792 2916 μοι
814 2833 855 2896 τά
876 2830 947 2897 κατ’
973 2833 1076 2901 αὐτὸν

58 2940 243 3026 εὐπρεπῶς·
262 2939 535 3024 ἀπαλλαγήσομαι
553 2941 616 3025 γὰρ
634 2938 747 3023 αὐτοῦ,
767 2937 812 3004 δι’
833 2941 944 3006 ἀλλων
963 2940 1075 3024 αὐτόν,

57 3045 130 3113 ἀλλ’
157 3044 233 3131 οὐχὶ
261 3044 306 3111 δι’
332 3046 475 3131 ἐμαυτοῦ
501 3047 651 3123 κτείνας’
699 3047 808 3129 <199>
836 3047 1011 3132 διάπειραν
1034 3049 1075 3132 δή

57 3164 115 3238 τῆς
137 3163 200 3218 τοῦ
217 3154 373 3241 Δαυίδου
396 3154 547 3229 διανοίας
564 3154 691 3218 κελεύει
708 3156 788 3230 τοὺς
806 3152 934 3229 οίαέτας
952 3156 1076 3238 λαμβά-

56 3285 131 3327 νειν
159 3271 229 3337 πῶς
258 3262 324 3344 ἔχει
351 3261 434 3344 πρὸς
460 3261 498 3325 τὸ
526 3268 628 3343 γήμαι
654 3259 717 3341 τήν
743 3262 855 3343 κόρην.
906 3262 942 3323 οδ
962 3259 993 3323 δ’
1018 3263 1076 3348 ηρ-

23 3366 157 3445 ῖθξαντο
181 3363 396 3448 διαλέγεσθαι
423 3368 506 3451 πρὸς
534 3364 636 3431 αὐτὸν
664 3366 715 3430 ὅτι
738 3363 867 3449 στέργει
890 3361 951 3448 μέν
973 3367 1076 3435 αὐτὸν

129 3491 215 3553 ςιει
235 3512 269 3531 =
290 3485 387 3555 τινες.
405 3458 552 3539 xv11'113.
