2400 3840
517 138 642 191 οΓΔοΗ
1021 141 1086 206 219

65 303 105 365 τά
138 297 189 365 ἐπ’
220 300 338 383 αὐτοῦ,
371 301 485 375 καθὼς
515 311 674 385 προεῖπεν
702 302 720 367 ὁ
749 306 929 388 προφήτης.
976 303 1085 387 <234>

65 407 185 491 μαθὼν
209 403 240 470 δ’
262 405 372 489 ἀληθή
396 408 455 471 τὸν
473 406 657 491 ἄνθρωπον
675 404 731 472 καὶ
749 411 850 473 θείαν
869 411 987 493 ἔχοντα
1005 414 1085 495 πρό-

64 530 204 596 γνωσιν,
231 511 454 598 παρεκάλεσεν
482 511 585 578 αὐτὸν
614 514 778 597 δεηθήναι
805 524 865 580 τοῦ
892 521 977 580 θεοῦ
1006 515 1085 580 ἀνα-

65 623 253 705 ζωπυρῆσαι
280 619 341 702 τήν
370 617 482 696 δεξιάν
505 618 602 708 αὐτῷ.
648 619 704 685 καὶ
728 620 746 686 ὃ
770 617 831 705 μὲν
855 620 1001 687 ἱκέτευσε
1024 624 1084 686 τὸν

36 728 148 791 5θεὸν
169 724 258 791 τοῦτ’
286 726 375 814 αύτιβ
397 738 594 811 παρασχεῖν,
625 726 642 791 ὃ
668 724 705 792 δὲ
727 736 785 811 τής
808 730 918 814 χειρὸς
941 731 978 793 τὸ
1002 731 1084 794 κατά

63 834 167 916 φύσιν
199 832 431 916 ἀπολαβούσης
462 835 588 918 χαίρων
621 831 671 898 ἐπ’
703 833 785 919 αὐτῇ
818 836 878 901 τὸν
907 837 1083 920 προφήτην

60 939 238 1025 παρεκάλει
276 941 452 1024 δειπνήσαι
482 937 560 1025 παρ’
595 938 693 1029 αὐτῷ.
748 941 867 1024 <235>
897 939 1012 1007 Ἰαδὼν
1046 941 1081 1007 δ’

60 1048 186 1130 ἔφησεν
205 1045 265 1130 οὐχ
283 1043 465 1130 ὑπομένειν
483 1047 651 1112 εἰσελθεῖν
668 1049 753 1132 πρὸς
771 1047 883 1132 αὐτόν,
907 1045 987 1114 οὐδὲ
1005 1051 1081 1132 γεύ-

60 1159 181 1218 σεσθαι
200 1155 303 1239 ἀρτου
322 1151 376 1218 καλ
395 1153 517 1229 ὕδατος
536 1152 573 1218 ἐν
591 1154 694 1239 ταύτῃ
712 1162 751 1239 τῇ
770 1157 864 1220 πόλει
900 1164 999 1221 τοῦτο
1018 1158 1080 1242 γάρ

18 1274 45 1313 10
59 1261 160 1347 αὐτῷι
176 1262 236 1326 τὸν
262 1261 346 1326 θεὸν
373 1257 601 1346 ἀπειρηκέναι,
628 1258 685 1326 καὶ
707 1262 769 1345 τήν
793 1262 875 1328 ὁδὸν
897 1262 940 1345 ἣν
963 1258 1080 1346 ἦλθεν,

60 1368 151 1444 ὅπως
182 1368 225 1451 μή
254 1365 299 1433 δι’
329 1366 432 1451 αὐτῆς
458 1369 634 1451 ποιήσηται
662 1368 724 1452 τήν
750 1369 969 1455 ὑποστροφήν
997 1369 1081 1436 ἀλλά

60 1471 106 1538 δι’
132 1474 243 1557 άλλης,
266 1475 397 1557 ἐφασκε.
435 1482 556 1540 τοῦτον
578 1470 640 1558 μὲν
661 1469 724 1540 οὖν
744 1471 930 1560 ἐθαύμαζεν
950 1476 968 1541 ὁ
987 1479 1081 1559 βασι-

57 1583 137 1658 λεὺς
159 1590 217 1664 τῆς
240 1579 438 1667 ἐγκρατείας,
462 1581 562 1657 αὐτὸς
585 1579 616 1646 δ’
637 1576 681 1665 ήν
704 1579 740 1647 ἐν
764 1584 871 1671 φόβφ,
895 1584 1081 1667 μεταβολήν

57 1687 163 1752 αὑτοῦ
185 1697 252 1752 τῶν
275 1688 477 1773 πραγμάτων
500 1686 535 1752 ἐκ
557 1699 626 1753 τῶν
647 1687 899 1775 προειρημένων
921 1690 982 1755 οὐκ
1001 1691 1080 1773 ἀγα-

14 1806 42 1848 15
57 1794 128 1877 θήν
151 1793 319 1859 ὑπονοῶν.

123 1901 233 1984 <236>
260 1895 303 1984 ἦν
331 1898 371 1965 δέ
395 1924 446 1976 τις
474 1899 511 1964 ἐν
538 1908 577 1984 τῇ
605 1904 699 1966 πόλει
722 1901 868 1986 πονηρὸς
890 1902 1109 1985 πρεσβύτης9

54 2009 349 2092 ψευδοπροφήτης,
372 2006 413 2072 ὃν
437 2000 525 2090 εἶχεν
548 2005 585 2072 ἐν
607 2015 684 2092 τιμή
704 2004 923 2093 Ἱεροβόαμος,
947 2005 1077 2072 ἀπατώ-

55 2136 156 2199 μενος
177 2110 233 2178 ὑιί
256 2112 359 2178 αὐτοῦ
377 2114 418 2178 τά
436 2114 519 2198 πρὸς
537 2113 665 2196 ήδονήν
683 2108 848 2195 λέγοντος.
886 2106 984 2190 οὗτος
1002 2116 1076 2179 τότε

54 2217 117 2305 μὲν
144 2220 303 2304 κλινήρης
329 2213 372 2303 ήν
400 2219 456 2284 διδι
482 2219 544 2302 τήν
571 2219 635 2284 ὑπὸ
664 2228 725 2285 τοῦ
752 2220 862 2306 γήρως
884 2218 1075 2304 ἀσθένειαν,

12 2340 40 2379 2⁰
54 2338 124 2392 τῶν
148 2322 185 2390 δὲ
207 2326 337 2390 παίδων
360 2325 449 2415 αὐτῷ
473 2326 696 2408 δηλωσάντων
717 2327 757 2391 τά
777 2325 854 2413 περὶ
872 2336 933 2392 τοῦ
951 2330 1075 2414 παρόν-

54 2457 111 2510 τος
139 2431 172 2510 ἐξ
197 2431 435 2518 Ἱεροσολύμων
461 2434 636 2518 προφήτου
662 2429 718 2498 καὶ
746 2444 814 2498 τῶν
838 2435 983 2518 σημείων
1005 2414 1073 2500 τῶν

54 2535 256 2623 γενομένων,
278 2537 388 2622 <237>
410 2536 466 2602 καὶ
489 2537 534 2614 ὡς
552 2545 757 2622 παρεθεῖσαν
775 2539 864 2625 αὐτῷ
883 2542 944 2622 τήν
963 2540 1075 2619 δεξιάν

50 2645 259 2731 Ἱεροβόαμος
287 2642 467 2729 εὐξαμένου
490 2643 592 2708 πάλιν
616 2642 745 2708 ἐκείνου
769 2646 876 2721 ζῶσαν
899 2628 1073 2728 ἀπολάβοί,

54 2754 168 2829 δείσας
196 2752 241 2837 μή
268 2751 586 2837 παρευδοκιμήσειεν
613 2748 717 2815 αὐτὸν
745 2749 762 2814 ὁ
791 2746 884 2827 ξένος
911 2751 999 2835 παρά
1027 2759 1072 2838 τῷ

11 2872 39 2912 2⁵
54 2862 188 2942 βασιλεῖ
211 2856 266 2923 καλ
294 2860 448 2933 πλείονος
474 2856 637 2922 ἀπολαύοι
662 2864 772 2940 τιμῆς,
800 2852 979 2940 προσέταξε
1001 2867 1073 2933 τοῖς

53 2961 170 3029 παισὶν
193 2964 298 3040 εὐθὺς
321 2961 540 3051 ἐπιστρώσασι
564 2963 624 3028 τὸν
646 2964 727 3028 όνον
751 2961 884 3046 ἕτοιμον
902 2963 985 3047 πρὸς
1004 2960 1074 3039 ἐξο-

54 3072 116 3136 δον
139 3071 228 3159 αὐτῷ
251 3071 508 3155 παρασκευάσαι.
545 3070 655 3154 <238>
677 3065 802 3135 τῶνδὲ
821 3069 1036 3134 σπευσάντων
1055 3068 1073 3134 ὃ

53 3177 315 3263 προσετάγησαν,
340 3175 455 3261 ἐπιβάς
479 3175 592 3255 ἐδίωξε
615 3178 674 3242 τὸν
695 3178 880 3262 προφήτην,
904 3173 958 3239 καλ
977 3197 1075 3238 κατα-

54 3286 167 3368 λαβὼν
182 3282 438 3368 ἀναπαυόμενον
451 3285 515 3349 ὑπὸ
531 3282 660 3372 δένδρφ
676 3284 772 3346 δασεῖ
783 3279 838 3347 καλ
854 3283 950 3345 σκιάν
966 3283 1075 3365 ἐχοντι

16 3404 43 3444 30
58 3391 161 3475 δρυὸς
184 3389 388 3474 εὐμεγέθους
410 3390 579 3474 ἠσπάσατο
602 3399 745 3474 πρῶτον,
770 3382 829 3452 εἶτ’
851 3386 1012 3473 ἐμέμφετο
1032 3388 1076 3472 μή

132 3509 516 3578 §234=3Reg.X1H6.
