2400 3840
96 155 160 221 102
460 155 736 209 Apmvomz

93 318 126 386 δ’
151 319 212 385 οὐκ
235 320 406 384 αἰδεῖσθαι
428 326 532 384 ταῦτα
554 319 695 402 ποιήσας
725 320 773 396 είς
795 321 832 385 τὸ
856 328 902 407 τῷ
924 325 993 407 θεῷ
1017 342 1113 402 κεχα-

93 424 254 513 ρισμένον
276 427 430 510 ἔφασκεν,
453 424 491 502 δς
514 425 617 490 αὐτὸν
635 423 690 491 καί
708 434 769 491 τοῦ
786 428 911 512 πατρὸς
933 424 1112 509 αὐτῆςναί

92 544 161 599 τῶν
183 535 295 599 ἄλλων
317 531 474 598 ἁπάντων
495 534 714 617 προυτίμησε,
744 535 872 611 παίζειν
894 555 929 596 τε
952 531 1113 609 πολλάκις

92 639 148 706 καὶ
184 650 341 726 χορεῦσαι
376 636 502 724 μηδένα
537 647 598 705 τοῦ
635 637 729 717 δόξαι
764 646 837 716 ταῖς
872 641 1113 724 θεραπαινίσιν

93 750 233 834 αίσχρδν
244 745 300 813 καὶ
314 745 397 832 αῦτη
411 748 449 812 τὸ
463 749 641 831 γινόμενον
652 745 874 830 ποιησάμενος
888 748 998 828 λόγον.
1022 745 1112 829 (89)
1127 769 1140 809 ε

30 865 32 869 ’
92 853 114 938 ἡ
138 851 176 920 δὲ
193 853 331 938 Μιχάλα
353 853 436 936 αῦτη
454 853 588 939 Δαυίδη
606 849 669 938 μὲν
687 861 889 918 συνοικοῦσα
911 852 1033 929 παῖδας
1050 851 1113 917 οὐκ

94 957 281 1042 ἐποιήσατο,
303 967 492 1044 γαμηθείσα
515 958 545 1025 δ’
570 959 713 1046 ὕστερον
739 953 765 1048 ᾧ
792 955 983 1045 παρέδωκεν
1006 957 1114 1042 αὐτην

94 1065 113 1132 ὁ
144 1065 251 1151 πατὴρ
284 1066 438 1144 Σάουλος
474 1067 566 1152 (τότε
598 1064 629 1131 δ’
659 1065 852 1143 ἀποσπάσας
882 1064 983 1142 αὐτὸς
1014 1059 1113 1153 εἶχε),

92 1168 191 1237 πέντε
214 1173 336 1250 παῖδας
359 1175 456 1239 έτεκε.

56 1297 75 1348 4
158 1276 215 1344 καὶ
237 1277 314 1366 περὶ
336 1276 398 1364 μέν
416 1280 545 1346 τούτων
561 1281 645 1346 κατδι
663 1281 775 1365 χώραν
793 1279 998 1364 δηλώσομεν·
1023 1277 1113 1362 <9Ο>
1129 1302 1154 1341 ιο

93 1383 183 1470 ὁρῶν
215 1383 247 1450 δ’
277 1387 295 1453 ὁ
322 1389 478 1470 βασιλεὺς
508 1387 591 1452 κατά
622 1395 733 1451 πᾶσαν
759 1387 800 1451 τά
826 1383 989 1472 πράγματ’
1021 1385 1112 1473 αὐτῷ

93 1492 213 1574 σχεδὸν
235 1489 363 1578 ἡμέραν
385 1491 509 1577 άμείνα
532 1495 692 1577 γινόμενα
715 1491 751 1558 ἐκ
769 1501 828 1577 της
844 1501 905 1558 τοῦ
924 1499 1008 1558 θεοῦ
1032 1495 1113 1576 βου-

91 1597 228 1681 λησεως,
251 1596 400 1684 ἐνόμιζεν
424 1597 660 1685 ἐξαμαρτάνειν
682 1599 796 1683 αὑτόν,
824 1601 856 1665 εί
876 1596 988 1684 μένων
1011 1599 1113 1676 αὐτὸς

33 1698 35 1702 ”
93 1699 131 1768 έν
154 1709 258 1782 οίιιοις
281 1703 317 1770 ἐκ
339 1703 461 1792 κέδρου
479 1703 723 1791 πεποιημένοις,
744 1705 887 1789 ὑψηλοῖς
906 1728 942 1770 τε
960 1702 1015 1770 καὶ
1033 1711 1113 1770 καλ-

92 1812 211 1894 λίστην
241 1812 304 1896 τὴν
334 1813 440 1897 άλλην
470 1813 680 1896 κατασκευὴν
711 1813 839 1896 έχουσι,
878 1820 1018 1898 περιορᾷ
1049 1811 1113 1894 την
1129 1833 1154 1873 15

92 1919 237 2001 κιβωτὸν
260 1918 297 1985 ἐν
316 1929 419 2006 σκηνῇ
441 1917 608 2005 κειμένην,
629 1919 718 2004 <91>
737 1918 892 2003 ἐβούλετο
916 1914 954 1983 δέ
976 1927 1021 2005 τῷ
1041 1925 1112 2006 θεῷ

92 2026 334 2091 κατασκευάσαι
360 2029 458 2111 ναόν,
489 2026 534 2103 ὡς
560 2030 712 2110 Μωυσῆς
740 2037 907 2112 προεῖπεν.
952 2022 1008 2088 καὶ
1035 2022 1112 2109 περὶ

93 2131 222 2195 τούτων
245 2131 394 2219 Ναθάνηι
419 2141 465 2221 τῷ
492 2134 646 2219 προφητη
674 2132 877 2217 διαλεχθείς,
905 2129 975 2196 ἐπεὶ
1001 2141 1113 2196 ποιεῖν

94 2233 113 2299 ὅ
135 2258 167 2299 τι
189 2256 251 2321 περ
275 2237 423 2322 ὥρμηται
444 2236 644 2324 προσέταξεν
662 2236 766 2303 αὐτὸν
784 2239 829 2316 ὡς
847 2246 907 2304 τοῦ
926 2244 1010 2302 θεοῦ
1028 2239 1113 2322 πρὸς

93 2338 211 2406 ἅπαντ’
237 2341 326 2429 αὐτῷ
349 2350 514 2428 συνεργοῦ
540 2345 720 2428 παρόντος,
751 2339 839 2428 εἶχεν
864 2344 928 2427 ἤδη
951 2341 1027 2430 περὶ
1050 2344 1113 2426 την
1128 2366 1156 2405 ιο

92 2455 153 2511 τοῦ
180 2453 265 2510 ναοῦ
294 2447 500 2530 κατασκευὴν
522 2451 787 2535 προθυμότερον.
833 2447 922 2534 <92>
944 2459 1004 2514 τοῦ
1028 2455 1113 2515 θεοῦ

94 2549 132 2617 δὲ
153 2549 225 2618 κατ’
252 2551 382 2636 ἐκείνην
404 2553 467 2637 τὴν
488 2554 592 2619 νύκτα
615 2563 661 2644 τῷ
685 2554 832 2643 Ναθάνηι
855 2553 1029 2640 φανέντος,
1057 2554 1114 2621 καὶ

94 2659 221 2746 φράσαι
239 2661 457 2739 κελεύσαντος
477 2670 524 2749 τῷ
542 2663 676 2748 Δανίδη
695 2661 740 2740 ὡς
757 2662 820 2745 την
838 2658 899 2746 μέν
917 2665 1114 2749 προαίρεσιν

95 2763 200 2831 αὐτοῦ
226 2765 282 2832 καὶ
309 2768 372 2852 τὴν
402 2766 587 2853 ἐπιθυμίαν
619 2771 697 2835 λίαν
728 2766 938 2852 ἀποδέχεται,
970 2768 1113 2852 μηδενὸς

94 2868 157 2957 μὲν
182 2875 346 2959 πρότερον
373 2876 421 2952 είς
451 2884 537 2940 νοῦν
569 2872 756 2961 βαλομένου
787 2875 872 2939 ναὸν
899 2873 988 2962 αὐτῷ
1015 2897 1113 2939 κατα·
1128 2894 1155 2935 ετ

96 2979 268 3062 σκευάσαι,
295 2979 418 3045 τούτου
449 2975 487 3044 δὲ
516 2981 642 3064 ταύτην
670 2981 733 3065 την
759 2979 914 3044 διάνοιαν
940 2982 1114 3064 λαβόντος,

95 3086 157 3153 οῦκ
180 3083 368 3172 ἐπιτρέπειν
390 3081 428 3150 δὲ
454 3088 600 3164 πολλοὺς
626 3084 792 3171 πολέμους
818 3084 1034 3176 ηγυνισμέυφ
1057 3086 1114 3152 καὶ

96 3196 191 3284 φόνφ
224 3203 293 3260 τῶν
325 3191 458 3277 ἐχθρῶν
489 3190 699 3282 μεμιασμένῳ
731 3201 867 3277 ποιησαι
898 3194 983 3258 ναὸν
1014 3193 1114 3282 αῦτςῦ.

94 3300 181 3384 <93>
204 3301 285 3385 μετὰ
307 3296 421 3385 μέντοι
443 3321 482 3381 γε
504 3300 564 3364 τὸν
586 3297 738 3364 θάνατον
760 3297 878 3382 αὐτοῦ,
906 3299 1114 3386 γηράσαντος

96 3523 123 3579 X
168 3437 530 3509 §se-2Reg.xxm.
608 3436 843 3508 §vo-meg.
863 3436 959 3504 VII13
989 3438 1113 3497 1Paral.

124 3524 176 3579 VII
191 3530 215 3579 1.
