2400 3840
123 145 187 210 122
491 148 765 201 ΑΡΧΔῙΟΛΟΓΙΑΣ

119 304 206 395 ἦσαν
233 309 264 376 δ’
294 312 329 377 οί
353 320 413 377 τοῦ
441 308 602 395 βασιλέως
633 310 750 387 παῖδες
779 311 815 375 ot
845 309 1043 394 διαδράντες
1076 309 1139 374 ἀπὸ

118 426 178 502 τῆς
201 415 383 496 έστιάσεως.
428 419 558 504 ὑπαντᾷ
586 415 617 481 δ’
648 417 762 494 αὐτοῖς
789 416 807 482 ό
835 416 941 500 πατὴρ
970 421 1140 501 θρηνοῦσι

118 527 337 610 λυπούμενος,
354 522 409 590 καί
427 523 506 612 παρ’
528 523 663 601 έλπίδας
681 524 772 610 δρῶν
790 523 849 600 οὓς
867 523 999 607 ἠκηκόει
1018 524 1139 607 μικρὸν

119 633 309 718 ἔμπροσθεν
336 630 556 708 ἀπολωλότας.
606 630 725 714 <180>
752 624 795 713 ἦν
823 627 860 694 δὲ
887 630 976 715 παρὰ
1002 629 1138 693 πάντων

118 737 246 824 δάκρυα
268 736 324 803 καὶ
347 739 474 820 στόνος,
497 747 565 802 τῶν
582 734 644 821 μὲν
663 735 708 814 ὡς
726 733 776 802 ἐπ’
798 735 931 822 ἀδελφῷ
949 740 1160 818 τετελευτηε

117 847 204 927 κότι,
235 850 296 908 τοῦ
327 841 489 927 βασιλέως
520 838 551 907 δ’
582 843 627 920 ὡς
659 840 712 907 ἐπὶ
743 840 838 908 παιδὶ
867 841 1135 929 κατεσφαγμένῳ.

117 951 235 1035 φεύγει
261 946 292 1013 δ’
315 946 540 1034 Ἀβεσάλωμος
568 950 616 1026 είς
639 950 836 1035 Γεθσούραν
861 950 945 1033 πρὸς
967 950 1028 1013 τὸν
1051 948 1135 1013 πάπ-

116 1076 182 1121 που
207 1056 268 1120 τὸν
289 1057 373 1141 πρὸς
399 1057 535 1142 μητρός,
563 1056 811 1121 δυναστεύοντα
837 1063 896 1138 τῆς
922 1052 991 1118 ἐκεῖ
1015 1057 1134 1141 χώρας,

115 1156 171 1224 καὶ
193 1158 303 1247 τρισὶν
326 1161 417 1239 ὅλοις
440 1163 526 1227 ἔτεσι
548 1159 626 1247 παρ’
652 1161 742 1249 αύτῳ
764 1158 949 1244 καταμένει.

80 1280 98 1328 4
184 1267 294 1352 <181>
316 1276 376 1333 τοῦ
399 1265 437 1332 δὲ
455 1268 609 1333 Δαυίδου
631 1270 828 1354 προαίρεσιν
850 1269 983 1350 ἔχοντος
1002 1264 1056 1332 ἐπὶ
1076 1270 1134 1333 τὸν
1147 1291 1169 1330 ιο

114 1374 192 1440 υίὸν
207 1371 435 1460 Ἀβεσάλωμον
453 1372 604 1459 πέμπειν,
627 1374 689 1440 ούκ
708 1372 761 1439 ἐπὶ
778 1376 920 1460 τιμωρία
940 1376 1135 1439 κατελευσό-

114 1501 228 1563 μενον,
250 1477 322 1547 ἀλλ’
344 1480 433 1558 ὅπως
456 1485 506 1564 είη
530 1481 594 1545 σὺν
616 1478 705 1568 αὐτῷ
723 1477 794 1566 (καί
813 1480 876 1565 γὰρ
895 1479 936 1544 τδι
954 1487 1014 1562 τῆς
1032 1480 1136 1566 ὀργῆς

113 1584 179 1650 ὑπὸ
202 1594 262 1651 τοῦ
284 1587 409 1672 χρόνου
427 1583 637 1673 λελωφήκει),
659 1587 743 1670 πρὸς
764 1594 863 1651 τοῦτο
882 1591 1010 1670 μᾶλλον
1030 1586 1135 1652 αὐτὸν

110 1671 244 1775 Ἰώαβος
271 1690 289 1758 ό
313 1686 572 1779 ἀρχιστράτηγος
599 1693 807 1779 παρώρμησε.
853 1692 963 1774 <182>
991 1693 1135 1774 γύναιον

114 1796 177 1884 γάρ
209 1820 241 1862 τι
272 1797 334 1881 τὴν
364 1795 498 1881 ἡλικίαν
529 1798 594 1882 ἤδη
625 1799 830 1885 προβεβηκὸς
861 1796 1016 1880 ἐποίησεν
1043 1799 1134 1888 αὐτῷ
1148 1821 1172 1862 ιι

113 1910 315 1991 προσελθεῖν
348 1901 385 1970 έν
416 1906 556 1990 σχήματι
583 1907 754 1991 πενθίμῳ,
786 1903 807 1986 ἣ
834 1903 964 1968 παίδων
992 1901 1047 1969 έπλ
1075 1915 1135 1989 τῆς

112 2009 285 2096 ἀγροικίας
307 2011 389 2095 αὐτῇ
408 2008 650 2095 διενεχθέντων
666 2007 723 2076 καὶ
741 2006 825 2095 πρός
843 2013 1037 2094 φιλονικίαν
1055 2034 1135 2098 τρα-

112 2114 257 2200 πέντων,
285 2115 423 2192 οὐδενὸς
445 2126 505 2181 τοῦ
528 2125 735 2182 καταπαῦσαι
763 2115 954 2202 δυναμένου
976 2139 1133 2204 παραφα-

110 2217 237 2302 νέντος,
261 2223 373 2302 ἔλεγεν
395 2220 460 2286 ὑπὸ
482 2220 629 2307 θατέρου
652 2222 712 2286 τὸν
730 2220 844 2309 ἕτερον
864 2224 1031 2307 πληγέντα
1050 2225 1133 2290 ἀπο-

111 2331 242 2408 θανεῖν,
253 2324 363 2408 <183>
373 2323 470 2406 ἠξίου
482 2347 528 2408 τε,
542 2334 609 2391 των
623 2330 797 2410 συγγενῶν
804 2327 859 2394 έπλ
874 2332 933 2396 τὸν
943 2331 1133 2416 ἀνῃρηκότα
1147 2356 1172 2396 ω

112 2431 313 2516 ὡρμηκότων
334 2427 390 2495 καὶ
414 2431 601 2514 ζητούντων
623 2431 726 2499 αὐτὸν
753 2433 898 2519 ἀνελεῖν,
926 2441 1131 2522 χαρίσασθαι

111 2536 172 2620 τὴν
195 2540 360 2625 σωτηρίαν
384 2535 466 2623 αὐτῇ
489 2547 550 2604 τοῦ
572 2540 692 2619 παιδός
713 2536 769 2607 καὶ
792 2542 836 2626 μὴ
858 2543 916 2620 τάς
937 2541 1131 2621 ἐπιλοίπους

111 2652 169 2727 τῆς
187 2649 396 2732 γηρωκομίας
412 2645 519 2730 αὐτὴν
535 2645 671 2726 έλπίδας
684 2655 1009 2736 προσαφαιρεθῆναι·
1029 2659 1129 2716 τοῦτο

112 2749 142 2814 δ’
168 2752 250 2837 αὐτῇ
277 2750 473 2821 κωλύσαντα
499 2756 578 2831 τοὺς
599 2754 826 2839 βουλομένους
852 2753 1043 2820 ἀποκτεῖναι
1069 2759 1130 2823 τὸν

110 2857 188 2921 υίὸν
215 2857 316 2940 αὐτῆς
341 2858 509 2945 παρέξειν·
543 2859 584 2924 οὐ
610 2861 673 2945 γδιρ
702 2856 836 2944 ἀφύξειν
863 2858 1011 2937 ἐκείνους
1038 2863 1128 2951 ἀλλῳ
1143 2886 1170 2926 ει

110 2959 178 3026 τινὶ
200 2970 259 3045 τῆς
281 2965 429 3046 σπουδῆς
451 2963 472 3046 ἢ
494 2973 541 3050 τῳ
563 2961 641 3049 παρ’
662 2963 766 3028 αὐτοῦ
789 2966 893 3052 φόβῳ.
934 2966 1045 3051 <184>
1066 2978 1128 3034 τοῦ

110 3063 148 3132 δέ
175 3068 501 3150 συγκατανεύσαντος
523 3058 575 3144 οἷς
601 3069 639 3133 τὸ
666 3069 808 3150 γύναιον
836 3069 1018 3157 ἱκέτευσεν,
1045 3075 1128 3140 ὑπο-

110 3174 223 3258 λαβὼν
240 3171 342 3238 πάλιν
359 3174 441 3259 πρὸς
464 3174 524 3238 τὸν
547 3171 685 3256 βασιλέα
708 3172 815 3260 χάρις
837 3175 910 3260 μέν’
935 3173 1026 3244 εἶπεν
1050 3181 1126 3264 <ἤδη

109 3294 171 3343 σου
194 3286 232 3363 τῇ
255 3280 449 3365 χρηστότητι
475 3281 760 3365 κατοικτείραντός
787 3304 852 3364 μου
879 3284 916 3348 τὸ
944 3294 1048 3370 γῆρας
1071 3286 1127 3352 καὶ

108 3383 170 3465 τὴν
192 3385 281 3468 παρὰ
303 3386 423 3471 μικρὸν
446 3384 619 3468 ἀπαιδίαν,
647 3383 719 3452 ἀλλ’
745 3387 802 3451 ἵνα
829 3387 946 3473 βέβαια
973 3393 1013 3456 ιδ
1037 3396 1126 3480 παρὰ
1140 3417 1168 3457 ει

181 3507 268 3569 §180
288 3529 322 3550 ε-
341 3512 357 3560 2
376 3506 446 3576 Reg.
465 3506 531 3562 XIII
545 3513 587 3563 36.
