2400 3840
541 164 688 216 ΔΕΚΑΊἮ
1060 159 1126 226 345

96 325 282 410 ρίσκοντας
306 314 356 400 οἷς
379 323 501 407 μάταια
527 325 567 390 τά
594 335 662 390 τών
690 323 822 410 ἐχθρῶν
845 322 1124 406 ἀπελεγχθήσεται

97 430 331 515 μηχανήματα.
377 431 494 512 <134>
522 427 577 495 καὶ
605 427 703 495 ταῦθ’
729 428 912 514 ὑπέμειναν
940 426 993 493 ἐπὶ
1018 436 1125 513 μήυας

99 536 338 619 ὀκτωκαίδεκα,
361 535 424 613 ἕως
446 536 680 621 διεφθάρησαν
702 537 767 603 ὑπὸ
786 544 847 601 τοῦ
865 541 965 620 λιμοῦ
983 533 1038 599 καὶ
1056 546 1125 600 τών

99 647 224 728 βελῶν,
248 642 331 728 άπερ
354 641 419 707 ἀπὸ
437 653 505 707 τῶν
523 643 662 730 πύργων
686 644 733 718 είς
757 640 878 719 αὐτοὺς
901 641 1072 725 ἡκόντιζον
1091 643 1127 707 οἱ

67 746 269 832 επολέμιοι.

173 855 292 937 <135>
314 851 421 942 ἡρέθη
445 853 476 920 δ’
501 854 522 938 ἡ
545 857 641 933 πόλις
664 853 827 945 ἑνδεκάτῳ
854 857 919 921 ἔτει
941 864 999 939 τῆς
1022 856 1159 921 Σεδεκ

99 965 181 1027 κίον
208 964 378 1046 βασιλείας
403 969 464 1027 τοῦ
491 961 648 1047 τετάρτου
676 964 780 1046 μηνὸς
809 971 848 1048 τὴ
881 961 980 1046 εὐάτη
1009 960 1123 1049 ἡμέρᾳ.

101 1059 197 1133 εἶλον
215 1076 299 1150 γοῦν
317 1069 353 1133 οί
367 1067 527 1152 ἡγεμόνες
544 1077 612 1133 τῶν
626 1071 865 1152 Βαβυλωνίων,
884 1059 935 1147 οἷς
953 1068 1124 1135 ἐπίστευσε

101 1175 168 1256 τὴν
197 1176 395 1261 πολιορκίαν
424 1174 443 1241 ό
473 1175 827 1262 Ναβουχοδονόσορος·
861 1175 960 1253 αὐτὸς
990 1177 1054 1263 γάρ
1087 1175 1124 1241 ἐν

57 1279 261 1367 ιοῬεβλαθᾷ
280 1278 424 1368 διέτριβε
441 1282 544 1346 πόλει.
574 1281 614 1346 τὰ
633 1277 670 1346 δὲ
689 1292 757 1346 τῶν
773 1281 947 1366 ἡγεμόνων
966 1283 1123 1367 ὀνόματα,

102 1393 138 1452 εί
157 1410 208 1463 τις
230 1385 413 1470 ἐπιζητήσει
436 1398 578 1471 γνῶναι,
605 1388 727 1464 οἵτινες
748 1389 789 1453 τά
808 1385 1019 1474 Ἱεροσόλυμα
1043 1410 1123 1474 πορ-

101 1494 270 1574 θήσαντες
282 1490 458 1577 ὑπέταξαν,
477 1490 568 1559 ταῦτ’
584 1488 638 1578 ἡν,
658 1491 892 1580 Νηργελέαρος
902 1490 1123 1580 Ἀρέμμαυτος

102 1597 297 1685 Σεμεγάρος
319 1600 522 1685 Ναβώσαρις
543 1597 796 1686 Ἐχαραμψαρίς.
840 1598 950 1684 <136>
978 1599 1123 1683 ἀλούσης

102 1701 142 1769 δὲ
165 1711 223 1788 τής
244 1706 371 1782 πόλεως
396 1702 473 1792 περὶ
495 1703 600 1790 μέσην
626 1705 744 1788 νύκτα,
771 1702 827 1769 καὶ
853 1716 922 1771 τῶν
948 1705 1122 1791 ἡγεμόνων

56 1834 84 1875 15
101 1821 171 1876 τών
193 1812 361 1895 πολεμίων
384 1811 607 1876 εἰσελθόντων
630 1812 677 1887 είς
699 1811 737 1874 τὸ
762 1810 867 1895 ίερόν,
894 1813 997 1894 γνοὺς
1019 1811 1122 1876 Σεδε-

99 1919 176 1993 κίας
195 1915 213 1982 ὁ
231 1918 397 2001 βασιλεύς,
416 1917 619 2000 παραλαβὼν
636 1917 695 1993 τὰς
713 1927 874 1998 γυναῖκας
891 1913 947 1980 καὶ
964 1917 1004 1981 τά
1023 1914 1121 1981 τέκνα

99 2018 157 2087 καὶ
180 2024 259 2099 τοὺς
278 2022 442 2107 ἡγεμόνας
460 2019 515 2086 καὶ
533 2024 611 2098 τοὺς
629 2025 760 2107 φίλους,
783 2022 900 2105 φεύγει
919 2019 988 2107 μετ’
1010 2021 1121 2088 αὐτῶν

101 2127 138 2192 ἐκ
161 2136 220 2212 τῆς
241 2130 369 2206 πόλεως
392 2129 448 2194 διά
470 2136 529 2212 τής
545 2137 706 2215 καρτερᾶς
724 2128 896 2214 φάραγγος
913 2125 969 2195 καὶ
988 2128 1044 2194 διά
1063 2138 1121 2213 τῆς

100 2233 237 2319 ἐρήμου.
273 2234 383 2319 <137>
406 2235 607 2322 φρασάντων
630 2231 668 2300 δὲ
685 2243 784 2300 τοῦτο
802 2246 906 2301 τινών
924 2236 1121 2322 αὐτομόλων

56 2364 86 2404 κο
100 2352 173 2418 τοῖς
195 2344 440 2426 Βαβυλωνίοις,
467 2342 532 2409 ὑπὸ
559 2345 620 2409 τὸν
647 2345 776 2431 όρθρον
804 2344 961 2431 ὥρμησαν
987 2345 1121 2410 διώκειν

100 2448 219 2513 αὐτόν·
246 2450 488 2533 καταλαβόντες
510 2446 541 2512 δ’
567 2449 627 2514 οάκ
649 2452 789 2516 ἀπωδεν
807 2448 1024 2538 Ἱεριχοῦντος
1047 2450 1120 2517 ἐκυ-

98 2555 271 2620 κλώσαντο
295 2554 407 2620 αὐτόν.
443 2555 478 2619 οί
499 2550 536 2618 δὲ
558 2557 652 2638 φίλοι
674 2552 730 2620 καὶ
754 2556 789 2620 οί
803 2555 964 2639 ἡγεμόνες
987 2557 1022 2621 οί
1038 2574 1120 2640 συμ-

100 2663 268 2745 φυγόντες
284 2669 331 2748 τῷ
349 2660 502 2746 Σεδεκίηι,
522 2656 593 2724 ἐπεὶ
611 2661 690 2736 τοὺς
707 2662 887 2742 πολεμίους
904 2659 1003 2742 ἐγγὺς
1021 2662 1120 2736 όντας

101 2763 209 2849 εἶδον,
238 2769 474 2842 καταλιπόντες
503 2764 606 2830 αὐτὸν
635 2765 862 2850 διεσπάρησαν
890 2766 991 2841 ἀλλος
1020 2765 1118 2830 ἀλλα-

58 2891 85 2933 25
100 2875 193 2956 χόσε,
220 2870 276 2936 καὶ
300 2873 415 2950 σώζειν
438 2868 557 2935 ἑαυτὸν
585 2869 721 2948 ἕκαστος
743 2872 838 2952 ἔγνω.
884 2870 1001 2953 <138>
1027 2892 1118 2956 περι-

100 2975 286 3061 λειφθέντα
309 2975 340 3042 δ’
367 2977 470 3042 αὐτὸν
493 2979 556 3042 σὺν
575 2977 701 3059 ὀλίγοις
725 2978 949 3062 ζωγρήσαντες
971 2976 1007 3041 οί
1021 2975 1119 3042 πολέ-

99 3106 172 3166 μιοι
194 3084 276 3169 μετά
298 3093 367 3148 τῶν
388 3079 514 3147 τέκνων
535 3079 590 3147 καὶ
613 3093 681 3147 τῶν
699 3093 870 3165 γυναικῶν
891 3082 1018 3164 ήγαγον
1035 3083 1120 3165 πρὸς

99 3191 161 3253 τὸν
185 3185 331 3272 βασιλέα.
376 3190 647 3272 παραγενόμενον
675 3185 706 3251 δ’
733 3187 836 3252 αὐτὸν
861 3186 879 3251 ὁ
903 3187 1119 3270 Ναβουχοδο-

100 3297 242 3377 νόσορος
260 3293 362 3376 ἀσεβή
380 3291 436 3357 καὶ
453 3293 691 3379 παράσπονδον
710 3291 890 3358 ἀποκαλεῖν
909 3290 1040 3377 ήρξατο,
1062 3290 1119 3357 καὶ

58 3419 86 3459 ιο
100 3400 276 3484 ἀμνήμονα
298 3409 366 3463 τῶν
387 3400 452 3485 πρὸ
478 3407 538 3462 τοῦ
560 3402 671 3481 λόγων
698 3398 757 3474 οὓς
785 3397 975 3482 ἐποιήσατο,
1003 3399 1119 3477 σώζειν

174 3525 189 3585 ἓ
205 3525 257 3574 134
273 3545 306 3565 =
321 3525 339 3574 4
352 3519 421 3590 Reg.
436 3518 513 3573 XXV
528 3525 557 3586 33
576 3519 673 3574 Ierem.
687 3518 778 3574 XLVI
790 3526 817 3576 2,
