2400 3840
116 158 182 221 274
483 157 757 209 Apmvormz

115 317 362 404 φθειρομένους
393 319 550 406 ὑπερορᾷ.
600 319 696 399 <71>
726 315 911 393 Ἐλισσαῖος
940 313 971 380 δ’
1004 320 1054 394 είς
1081 319 1136 400 τήν

117 425 276 491 ἐπιοῦσαν
300 423 526 507 ἐπηγγέλλετο,
548 422 619 490 κατ’
641 423 772 506 ἐκείνην
794 424 856 505 τήν
878 424 973 509 ὥραν
997 422 1078 488 καθ’
1099 424 1137 506 ῆν

117 533 135 599 δ
158 535 314 617 βασιλεὺς
336 531 455 615 άφίκτο
479 533 562 616 πρὸς
585 530 702 613 αὐτόν,
728 532 864 595 ἔσεσθαι
886 531 1021 612 πολλὴν
1046 531 1137 596 εὐπο-

117 642 194 726 ρίαν
216 646 358 724 τροφῆς,
385 634 440 701 καὶ
462 638 698 721 πραθήσεσθαι
726 632 787 719 μὲν
810 633 848 699 ἐν
870 634 1000 722 τάγορᾷ
1025 642 1138 703 σίκλου

118 747 179 810 δύο
202 751 324 830 κριθῆς
346 743 439 827 σάτα,
462 743 651 825 ὠνήσεσθαι
675 738 713 806 δὲ
735 741 940 826 σεμιδάλεως
963 743 1071 808 σάτον
1094 747 1158 808 σίό

117 858 207 917 κλου.
249 850 336 933 <72>
360 859 462 915 ταῦτα
485 852 544 914 τόν
566 847 595 913 τ’
614 847 773 934 Ἰώραμον
794 845 850 912 καὶ
871 851 952 924 τοὺς
970 854 1137 935 παρόντας

118 960 165 1035 είς
188 957 293 1041 χαράν
315 953 520 1040 περιέτρεψε·
548 956 717 1020 πιστεύειν
744 956 807 1039 γάρ
830 963 876 1042 τῷ
900 957 1064 1040 προφήτῃ
1087 957 1138 1020 διὰ

117 1065 178 1145 τήν
201 1059 254 1126 ἐπὶ
277 1073 347 1137 τοῖς
368 1058 686 1146 προπεπειραμένοις
713 1059 876 1143 άλήθειαν
904 1061 968 1124 οὐκ
997 1063 1136 1144 ὤκνουν,

118 1169 200 1233 ἀλλὰ
223 1165 278 1232 καὶ
301 1168 338 1232 τὸ
363 1165 412 1232 ἐπ’
439 1165 567 1249 ἐκείνης
589 1163 699 1243 ἐνδεὲς
720 1174 779 1249 τῆς
801 1164 924 1250 ἡμέρας
946 1166 1005 1232 καὶ
1030 1173 1137 1234 ταλαί-

117 1298 231 1362 πωρον
254 1274 274 1357 ῆ
298 1270 554 1360 προσδοκωμένη
573 1281 703 1356 κοῦφον
722 1271 835 1349 αὐτοῖς
855 1271 970 1337 ἐποίει.
1013 1274 1102 1356 (73)
1121 1273 1166 1338 61⁰

118 1378 155 1446 δὲ
177 1390 236 1464 τῆς
258 1384 370 1467 τρίτης
387 1381 506 1464 μοίρας
526 1376 659 1462 ἡγεμὼν
676 1386 722 1466 τῷ
741 1382 873 1461 βασιλεῖ
894 1381 996 1460 φίλος
1018 1380 1070 1445 ὢν
1086 1377 1136 1444 καί

117 1490 190 1551 τότε
205 1485 318 1572 φέρων
335 1486 440 1550 αὐτὸν
454 1482 739 1569 ἐπερηρεισμένον,
759 1482 901 1548 “άπιστα’
922 1480 995 1549 εἷπε
1010 1486 1136 1568 ’λέγεις

118 1589 143 1657 ὦ
166 1600 333 1675 προφῆτα·
361 1588 416 1654 καὶ
444 1591 552 1674 ὥσπερ
576 1589 745 1655 ἀδύνατον
773 1588 879 1673 ἐκχέαι
907 1591 968 1655 τὸν
996 1594 1085 1657 θεὸν
1107 1590 1135 1668 ἐξ

118 1698 264 1783 οὐρανοῦ
301 1697 525 1782 καταρράκτας
560 1703 682 1782 κριθῆς
718 1695 738 1778 ή
776 1696 993 1780 σεμιδάλεως,
1034 1699 1136 1773 οὕτως

118 1805 288 1890 ἀμήχανον
310 1801 365 1869 καλ
383 1804 423 1868 τά
441 1804 506 1868 ὑπὸ
527 1812 588 1867 σοῦ
607 1812 671 1868 νῦν
690 1800 846 1887 είρημένα
864 1800 1048 1884 γενέσθαι.’
1085 1802 1135 1868 καὶ
1146 1818 1164 1859 1⁵

119 1913 135 1978 ὁ
159 1914 331 1997 προφήτης
352 1910 436 1995 πρὸς
458 1909 561 1974 αὐτόν
584 1909 698 1973 (ταῦτα
719 1907 791 1992 μέν’
816 1904 908 1974 εἶπεν
931 1907 1021 1986 (ὄψει
1040 1920 1135 1976 τοῦτο

118 2019 330 2102 λαμβάνοντα
357 2018 394 2081 τὸ
422 2014 532 2098 τέλος,
563 2015 604 2079 οὐ
631 2017 808 2099 μεταλήψει
837 2013 867 2078 δ’
898 2014 1040 2093 οὐδενὸς
1073 2029 1136 2082 τῶν

117 2120 354 2205 ὑπαρξόντων.’
757 2133 759 2136 ’

83 2245 98 2288 ε
185 2227 271 2307 <74>
292 2222 384 2307 ἐξέβη
403 2228 520 2288 τοίνυν
538 2234 658 2289 τοῦτον
677 2229 737 2291 τὸν
755 2230 880 2311 τρόπον
897 2228 937 2290 τά
956 2226 1015 2292 ὑπ’
1034 2226 1136 2295 Ἐλισ-

119 2332 216 2394 σαίου
243 2327 473 2413 προειρημένα.
518 2331 621 2412 νόμος
649 2325 693 2412 ήν
723 2331 760 2398 ἐν
789 2343 828 2418 τῆ
857 2337 1032 2420 Σαμαρείᾳ
1060 2338 1168 2411 τοὺςῖθ

118 2434 243 2522 λέπραν
271 2437 405 2520 έχοντας
432 2432 487 2499 καὶ
514 2435 557 2518 μῆ
586 2440 757 2522 καθαροὺς
784 2438 944 2505 άπὸτῶν
973 2442 1136 2506 τοιούτων

117 2543 157 2606 τά
181 2543 313 2627 σώματα
337 2541 449 2627 μένειν
473 2543 533 2623 ἔξω
557 2552 615 2627 τῆς
638 2547 773 2622 πόλεως.
820 2546 906 2628 <75>
929 2546 1052 2631 ἄνδρες
1076 2542 1136 2611 οὖν

118 2652 177 2715 τὸν
201 2650 347 2736 άριθμὸν
370 2650 521 2738 τέτταρες
544 2653 599 2716 διὰ
622 2653 745 2734 ταύτην
768 2651 829 2732 τῆν
848 2653 958 2716 αἰτίαν
980 2654 1046 2737 πρὸ
1070 2664 1136 2717 τῶν

117 2763 233 2822 πυλῶν
256 2757 422 2841 μένοντες,
445 2757 559 2842 μηκέτι
582 2760 724 2843 μηδενὸς
746 2756 859 2832 αὐτοῖς
882 2757 938 2821 διὰ
956 2757 1019 2840 τήν
1037 2760 1135 2843 ὑπερ-

117 2864 222 2946 βολήν
244 2873 304 2927 τοῦ
324 2870 422 2946 λιμοῦ
440 2866 570 2947 τροφήν
589 2863 796 2949 ἐκφέροντος,
820 2865 987 2928 είσελθείν
1008 2861 1070 2947 μὲν
1090 2867 1167 2941 είςῆ

117 2971 178 3052 τήν
200 2971 299 3033 πόλιν
321 2967 543 3051 κεκωλυμένοι
571 2970 627 3033 διά
654 2973 713 3035 τὸν
736 2972 855 3052 νόμον,
884 2967 946 3033 κάν
973 2968 1133 3055 ἐπιτραπῇ

118 3073 148 3138 δ’
175 3075 302 3156 αὐτοῖς,
330 3073 625 3156 διαφθαρήσεσθαι
652 3087 760 3153 κακῶς
785 3077 850 3141 ὑπὸ
874 3083 933 3140 τοῦ
957 3081 1058 3159 λιμοῦ
1081 3082 1134 3142 λο-

118 3180 304 3263 γισάμενοι,
331 3178 431 3243 ταύτὸ
456 3176 493 3243 δὲ
516 3183 706 3264 πείσεσθαι,
733 3181 796 3246 κάν
819 3181 940 3246 αὐτόθι
964 3187 1132 3265 μείνωσιν,

117 3285 239 3371 άπορίηι
252 3293 388 3368 τροφῆς,
406 3287 615 3370 παραδοῦναι
633 3299 703 3363 τοῖς
718 3290 888 3370 πολεμίοις
907 3289 1041 3365 αὑτοὺς·
1048 3292 1131 3373 ἔκρι-

117 3415 190 3472 ναν,
205 3391 249 3467 ὡς
264 3393 295 3455 εί
307 3387 368 3474 μὲν
382 3395 554 3475 φείσαιντο
569 3392 689 3476 αὐτῶν,
709 3395 890 3476 ζησόμενοι,
909 3395 939 3458 εί
953 3392 983 3458 δ’
1001 3395 1129 3479 άναιρε-
1141 3405 1165 3445 ³⁰

188 3515 250 3574 ςτι
273 3537 306 3556 =
326 3512 424 3581 τινες.
441 3514 491 3566 vn
508 3522 531 3567 1.
