2400 3840
84 129 126 194 68
449 129 724 181 ΑΡΧΑΙΟΛΟΓΙΑΣ

82 293 309 377 νυκτερεύειν,
340 291 456 356 λαθὼν
484 294 562 367 τοὺς
590 292 697 365 ἰδίους
725 290 772 365 είς
798 291 918 353 τὸτοῦ
943 287 1101 349 Σαούλου

84 399 308 483 στρατόπεδον
326 400 553 482 παραγίνεται,
577 394 779 479 ἐπαγόμενος
798 396 856 480 τρν
876 392 987 474 ἕκτης
1006 391 1101 456 ἀδελ-

84 514 150 589 ῳής
181 503 285 569 αὐτοῦ
318 506 489 588 Σαρουίας
518 500 686 586 Ἀβισαῖον
719 499 774 565 καὶ
804 498 1010 583 Ἀχιμέλεχον
1042 501 1102 563 τὸν

84 615 253 676 Χετταῖον.
289 610 399 693 <312>
414 616 474 673 τοῦ
494 604 532 671 δέ
545 609 702 672 Σαούλου
720 605 938 691 κοιμωμένου,
957 602 1101 688 καὶπερὶ

84 715 187 783 αὐτὸν
206 715 242 781 έν
260 715 370 804 κύκλῳ
388 725 457 780 τῶν
471 714 616 778 ὁπλιτῶν
634 710 689 777 καὶ
710 721 771 777 τοῦ
786 721 970 796 στρατηγοῦ
991 708 1102 793 Ἀβεν-
1117 736 1129 774 5

83 825 189 908 νήρου
212 820 388 906 κειμένων,
418 820 436 886 ὁ
460 820 612 901 Δαυίδης
635 818 799 884 εἰσελθὼν
827 820 874 893 είς
900 818 937 880 τὸ
966 819 1102 900 στρατό-

83 931 187 994 πεδον
201 930 238 994 τὸ
252 937 313 993 τοῦ
327 925 490 1011 βασιλέως
509 922 581 990 οὔτ’
598 924 697 1001 αὐτὸς
716 924 849 1008 ἀναιρεῖ
859 926 919 988 τὸν
933 923 1101 1003 Σάουλον,

84 1033 241 1117 ἐπιγνούς
263 1033 367 1100 αὐτοῦ
389 1035 452 1116 τήν
474 1037 590 1115 κοίτην
608 1032 643 1097 έκ
666 1041 727 1097 τοῦ
746 1033 886 1116 δόρατος
905 1028 1016 1114 (τοῦτο
1038 1032 1101 1113 γὰρ

83 1138 172 1226 αὐτῷ
204 1139 459 1226 παρεπεπήγει),
497 1141 574 1205 οὔτε
605 1141 665 1204 τὸν
695 1136 864 1222 Ἀβισαῖον
896 1139 1102 1220 βουλόμενον

83 1253 247 1329 φονεῦσαι
274 1243 329 1311 καὶ
352 1247 436 1331 πρὸς
458 1254 557 1310 τοῦτο
581 1244 754 1329 ὡρμηκότα
778 1248 902 1324 εἴασεν,
933 1241 1015 1306 ἀλλά
1042 1243 1102 1305 τὸν
1118 1265 1143 1302 10

82 1351 148 1418 ὑπὸ
176 1362 236 1418 τοῦ
263 1359 349 1416 θεοῦ
371 1348 686 1435 κεχειροτονημένον
715 1346 852 1433 βασιλέα
881 1348 989 1430 φήσας
1017 1343 1101 1411 εἶναι

83 1458 198 1522 δεινὸν
226 1457 432 1539 ἀποκτεῖναι,
464 1455 527 1521 κάν
554 1451 576 1542 ᾖ
604 1458 749 1540 πονηρός
782 1453 887 1540 (ήξειν
918 1456 981 1537 γάρ
1014 1453 1102 1541 αὐτῷ

82 1564 172 1647 παρὰ
199 1571 259 1627 τοῦ
288 1564 406 1640 δόντος
432 1563 495 1645 τήν
522 1561 627 1647 ἀρχήν
655 1565 719 1627 σὺν
745 1564 854 1649 χρόνῳ
888 1561 949 1643 τήν
981 1558 1102 1645 δίκην),

84 1664 198 1752 ἐπέσχε
216 1677 276 1753 τῆς
294 1668 406 1753 ὁρμῆς.
452 1668 562 1751 <313>
578 1669 747 1753 σύμβολον
766 1665 803 1733 δὲ
821 1677 881 1733 τοῦ
900 1678 1025 1732 κτεῖναι
1045 1668 1103 1730 δυ-

83 1772 201 1858 νηθεὶς
220 1773 426 1858 ἀποσχέσθαι
445 1773 559 1858 λαβὼν
578 1773 681 1839 αὐτοῦ
700 1776 738 1840 τὸ
753 1776 837 1860 δόρυ
851 1773 906 1839 καὶ
920 1775 979 1839 τὸν
994 1775 1103 1855 φακὸν
1119 1793 1144 1832 15

84 1891 145 1975 τοῦ
167 1881 300 1964 ὕδατος,
323 1879 361 1958 ὃς
383 1878 577 1968 κοιμωμένῳ
601 1880 773 1966 παρέκειτο
797 1891 843 1968 τῷ
867 1881 1020 1967 Σαούλῳ,
1044 1904 1104 1963 μη-

85 1988 183 2064 δενὸς
206 1987 412 2073 αἰσθομένου
436 1999 504 2053 τῶν
527 1987 564 2053 έν
587 1997 632 2074 τῳ
656 1986 881 2075 στρατοπέδῳ,
909 1986 1043 2052 πάντων
1067 1984 1104 2051 δέ

84 2093 393 2179 κατακοιμωμένων,
413 2093 554 2176 ἐξῆλθεν
570 2093 676 2169 ἀδεῶς
693 2089 789 2157 πάντ’
807 2091 1028 2177 ἐργασάμενος
1043 2093 1104 2157 ὅσα

85 2196 141 2262 καὶ
164 2207 225 2262 τοῦ
247 2208 366 2283 καιροῦ
390 2200 544 2275 διδόντος
562 2197 651 2286 αὐτῷ
669 2196 724 2262 καὶ
743 2207 802 2281 τῆς
824 2200 945 2281 τόλμης
968 2197 1105 2281 διέθηκε

84 2306 163 2379 τοὺς
185 2313 245 2368 τοῦ
268 2300 438 2388 βασιλέως.
485 2303 594 2386 (314)
618 2304 737 2386 διαβὰς
760 2300 797 2367 δέ
819 2305 879 2368 τὸν
901 2305 1104 2390 χειμάρρουν
1119 2325 1145 2363 20

84 2406 139 2473 καὶ
159 2405 212 2474 ἐπὶ
230 2408 292 2490 τήν
311 2409 466 2493 κορυφήν
485 2407 640 2474 ἀνελθὼν
658 2418 718 2474 τοῦ
736 2412 848 2495 ὄρους,
871 2411 954 2475 ὅθεν
969 2414 1104 2494 έμελλεν

87 2513 281 2592 ἐξακουστὸς
304 2510 391 2579 εἶναι
414 2513 578 2599 ἐμβοήσας
595 2526 665 2592 τοῖς
683 2517 899 2600 στρατιώταις
916 2525 975 2581 τοῦ
994 2519 1105 2581 Σαού-

87 2625 149 2685 λου
170 2618 295 2708 καὶτῷ
323 2630 494 2710 στρατηγῶ
519 2618 721 2711 Ἀβεννήρῳ,
749 2623 958 2704 διανίστησιν
984 2622 1105 2698 αὐτοὺς

88 2726 123 2791 ἐκ
145 2737 206 2793 τοῦ
229 2728 353 2810 ὕπνου,
381 2730 501 2793 τοῦτόν
524 2726 553 2794 τ’
580 2728 701 2813 ἐφώνει
731 2726 787 2795 καὶ
810 2730 870 2793 τὸν
892 2730 982 2793 λαόν.
1028 2728 1105 2793 έπα-

86 2835 270 2908 κούσαντος
294 2830 331 2898 δέ
353 2843 414 2899 τοῦ
438 2844 622 2919 στρατηγοῦ
649 2833 704 2899 καὶ
726 2838 777 2911 τίς
801 2834 818 2899 ὁ
841 2831 980 2909 καλέσας
1003 2833 1106 2899 αὐτόν
1120 2852 1146 2893 25

88 2938 178 3004 ἐστιν
202 2938 373 3023 ἐρομένου,
396 2941 548 3022 Δαυίδης
571 2936 662 3005 εἶπεν
694 2942 803 3024 <315>
827 2939 923 3022 ρἐγώ,
945 2952 1022 3016 παῖς
1045 2937 1106 3024 μὲν

84 3042 255 3127 Ἰεσσαίου,
278 3045 388 3128 φυγάς
411 3041 442 3107 δ’
467 3043 633 3130 ὑμέτερος.
679 3045 763 3112 ἀλλά
785 3049 820 3111 τί
837 3047 878 3128 δή
896 3068 985 3126 ποτε,
1005 3045 1107 3128 μέγας

88 3149 117 3216 τ’
144 3152 191 3216 ὢν
218 3148 273 3215 καὶ
300 3149 362 3232 τήν
384 3151 519 3234 πρώτην
547 3153 632 3235 ἔχων
654 3153 743 3237 παρὰ
772 3161 818 3240 τῳ
845 3156 977 3237 βασιλεῖ
997 3155 1107 3235 τιμήν,

89 3257 194 3334 οὕτως
222 3257 349 3341 ἀμελῶς
375 3257 412 3320 τὸ
440 3264 500 3320 τοῦ
529 3257 692 3322 δεσπότου
715 3258 892 3341 ῳυλάττεις
916 3269 1023 3342 σῶμα,
1051 3258 1106 3323 καὶ

88 3362 193 3438 ὕπνος
215 3362 321 3445 ήδίων
351 3361 423 3426 ἐστί
449 3379 501 3427 σοι
528 3371 587 3447 της
614 3363 735 3427 τούτου
763 3368 924 3448 σωτηρίας
946 3362 1001 3428 καὶ
1025 3387 1105 3448 προ-
1120 3384 1147 3423 εο

162 3488 244 3547 ςεω
265 3509 298 3529 =
319 3484 417 3553 ειυς.
436 3483 566 3539 Χειιι.
