2400 3840
115 156 158 223 98
484 154 759 207 Apxquorm:

114 313 415 406 έξῘΙεροσολύμων
447 314 662 398 ἐδυνήθησαν
693 314 729 379 οί
753 311 952 400 Ἰσραηλῖται
985 311 1081 399 μέχρι
1115 312 1133 378 δ

113 425 266 507 Δαυίδης
293 423 415 499 αὐτοὺς
444 420 729 507 ἐξεπολιόρκησεν,
762 423 817 504 ἐτη
850 423 1050 486 πεντακόσια
1078 416 1135 484 καὶ

114 531 358 597 πεντεκαίδεκα.

80 656 125 709 ε’
181 637 269 720 <69>
291 637 471 720 ποιήσομαι
494 631 532 700 δέ
553 631 609 700 καὶ
636 637 768 720 μνήμην
789 632 941 720 Ὀρόυνα,
968 636 1134 699 πλουσίου

114 741 176 830 μὲν
198 742 321 829 ἀνδρὸς
347 752 415 808 τῶν
434 738 658 826 Ἰεβουσαίων,
686 740 748 806 οὐκ
775 737 1014 827 ἀναιρεθέντος
1036 738 1067 804 δ’
1094 739 1162 804 ένε

114 859 154 937 τή
172 848 412 936 Ἱεροσολύμων
432 849 609 936 πολιορκίη
630 848 696 913 ὑπὸ
713 848 869 913 Δαυίδου
889 848 946 913 διδι
968 847 1031 929 τήν
1049 848 1133 932 πρὸς

114 958 193 1032 τοὺς
211 952 386 1041 Ἑβραίους
412 954 548 1021 εύνοιαν
575 953 679 1020 αὐτοῦ
701 957 761 1019 καί
779 976 855 1020 τινα
876 949 933 1019 ααλ
954 953 1054 1038 χάριν
1078 949 1135 1017 καὶ

115 1061 266 1142 σπουδήν
283 1062 368 1146 πρὸς
384 1058 489 1127 αὐτὸν
506 1057 690 1145 γενομένην
707 1060 768 1125 τὸν
786 1057 933 1144 βασιλέα,
950 1058 993 1141 ἣν
1012 1060 1133 1144 μικρὸν

113 1165 255 1251 ὕστερον
287 1165 520 1252 εὐκαιρότερον
552 1176 697 1252 σημανῶ.
752 1166 839 1249 <70>
871 1168 970 1250 ἔγημε
1005 1161 1042 1230 δὲ
1074 1163 1131 1229 καὶ

115 1272 217 1348 άλλας
243 1283 403 1354 γυναῖκας
428 1274 513 1358 πρὸς
538 1283 611 1349 ταῖς
643 1273 760 1349 οὔσαις
786 1271 874 1359 αὐτῷ
896 1271 1050 1353 Δαυίδης
1076 1267 1133 1335 καὶ
1148 1289 1174 1329 ιο

114 1379 283 1455 παλλακάς
305 1380 416 1461 ἐσχευ.
442 1376 617 1460 ἐποιήσατο
636 1374 675 1443 δέ
692 1374 748 1442 καὶ
765 1379 887 1454 παῖδας
904 1377 1023 1444 ἕνδεκα
1043 1374 1133 1463 (τὸν)

115 1482 273 1569 ἀριθμόν,
296 1482 356 1560 οὓς
377 1486 647 1569 προσηγόρευσεν
666 1481 821 1568 Ἀμνούς,
846 1481 1001 1568 Ἐμνοῦς,
1015 1483 1133 1567 Ἕβαν,

115 1587 251 1671 Νάθαν,
278 1589 459 1673 Σολομῶν,
483 1585 603 1674 Ἱεβάρ,
623 1586 750 1673 Ἐλιήν,
785 1590 916 1673 Φάλνα,
946 1588 1134 1674 Ἠνυαφήν,

111 1691 223 1777 Ἱενάε,
238 1690 403 1778 Ἐλιφαλέ,
422 1696 471 1759 ἔτι
484 1690 523 1759 δέ
540 1691 596 1759 καὶ
614 1693 785 1782 θυγατέρα
801 1695 970 1781 Θαμάραν.
1002 1697 1133 1761 τούτων

13 1792 16 1798 ’
116 1801 151 1866 ολ
176 1796 237 1885 μέν
264 1797 361 1866 ἐννέα
393 1798 426 1878 ἐξ
453 1800 636 1883 εὐγενίδων
667 1796 754 1885 ήσαυ
781 1804 969 1884 γεγονότες,
1003 1801 1063 1878 οὓς
1096 1799 1133 1866 δὲ
1148 1820 1173 1860 ιι

115 1910 326 1984 τελευταίους
339 1908 515 1994 εἰρήκαμεν
530 1908 603 1992 δύο,
617 1906 653 1973 ἐκ
666 1918 734 1973 τῶν
749 1907 975 1973 παλλακίδων·
993 1908 1133 1996 Θαμάρα

117 2010 148 2078 δ’
174 2014 375 2099 ὁμομήτριος
394 2011 607 2103 Ἀβεσαλάμω
631 2008 683 2096 ἦν.

80 2121 103 2186 4
183 2118 271 2200 <71>
289 2121 426 2200 γνόντες
444 2117 475 2183 δ’
492 2121 528 2184 ολ
544 2116 765 2186 Παλαιστιυοὶ
787 2121 847 2186 τὸν
864 2122 1021 2204 Δαυίδην
1040 2125 1133 2205 βασι-

115 2220 174 2287 λέα
200 2223 266 2286 ὑπὸ
298 2233 366 2287 τῶν
390 2222 553 2308 Ἑβραίων
584 2223 865 2311 ἀποδεδειγμένον
896 2229 1135 2313 στρατεύουσιν

116 2322 167 2390 ἐπ’
190 2326 294 2392 αὐτὸν
316 2328 365 2404 είς
378 2325 601 2414 Ἱεροσόλυμα,
623 2329 679 2395 καὶ
695 2334 959 2417 καταλαβόμενοι
981 2335 1043 2415 τήν
1062 2358 1132 2399 ιιοι-
1147 2351 1173 2391 2⁰

115 2431 201 2496 λάδα
232 2441 301 2498 τῶν
336 2434 487 2501 Τιτάνων
517 2435 727 2520 καλουμένην
759 2434 874 2523 (τόπος
906 2437 937 2504 δ’
968 2437 1059 2505 ἐστὶν
1091 2441 1133 2506 ού

75 2544 79 2550 “
115 2539 230 2625 πόρρω
247 2547 307 2624 τῆς
323 2539 463 2627 πόλεως)
479 2539 517 2607 ἐν
535 2540 618 2629 αὐτή
639 2546 965 2631 στρατοπεδεύονται.
1006 2548 1094 2631 <72>
1113 2549 1131 2614 δ

116 2641 155 2712 δέ
181 2654 249 2714 τῶν
273 2644 446 2716 Ἰουδαίων
471 2651 630 2735 βασιλεύς
657 2648 773 2739 (οὐδὲν
798 2653 862 2738 γάρ
894 2654 976 2719 ἄνευ
1002 2675 1133 2739 προφη-

116 2756 206 2832 τείας
227 2754 283 2820 ααλ
305 2765 365 2823 τοῦ
387 2762 541 2823 κελεύσαι
563 2760 735 2841 τὸνθεόν,
757 2756 813 2824 καὶ
835 2756 911 2843 περὶ
933 2769 1001 2823 τῶν
1020 2756 1134 2844 ἐσομέ-

116 2884 187 2926 νων
209 2866 326 2946 λαβεῖν
345 2863 509 2947 ἐγγυητήν
528 2865 656 2931 ἐκείνου
674 2861 791 2951 ἑαυτῷ,
812 2873 921 2929 ποιεῖν
941 2861 1133 2953 ἐπέτρεπεν)
1148 2881 1174 2922 25

118 2963 267 3031 ἐκέλευσε
288 2968 348 3032 τὸν
371 2967 539 3055 ἀρχιερέα,
565 2973 603 3036 τί
626 2971 721 3036 δοκεῖ
744 2978 790 3058 τῷ
813 2975 883 3059 θεῷ
904 2969 960 3036 καὶ
983 2974 1135 3037 ποταπὸν

118 3072 209 3136 ἔσται
226 3072 264 3159 τὸ
283 3081 342 3156 τῆς
359 3073 464 3158 μάχης
480 3073 585 3159 τέλος,
607 3073 784 3162 προλέγειν
801 3075 900 3165 αὐτῷ.
946 3077 1034 3161 <73>
1052 3099 1134 3165 προ-

118 3179 344 3261 φητεύσαντος
366 3175 403 3244 δὲ
425 3183 523 3263 νίκην
545 3179 601 3246 καὶ
623 3180 752 3268 κράτος,
776 3179 882 3266 ἐξάγει
905 3181 966 3266 τήν
987 3185 1133 3268 δύναμιν

118 3281 172 3347 ἐπὶ
189 3289 268 3363 τοὺς
282 3288 541 3364 Παλαιστινούς·
559 3284 615 3353 καὶ
633 3287 813 3373 γενομένης
832 3292 1010 3373 συμβολῆς,
1031 3289 1132 3367 αὐτὸς

189 3429 205 3488 ξ
221 3430 255 3480 70
274 3451 307 3472 ι-
328 3426 449 3483 1Para1.
468 3424 507 3480 ΠΙ
521 3431 586 3497 σεη.
606 3427 652 3497 (ολ.
671 3426 737 3482 XIV
750 3433 819 3497 4sq.
838 3427 941 3498 αλδυς.
960 3427 986 3482 V
1002 3431 1054 3497 13).

119 3516 182 3579 571
203 3537 236 3559 ι
256 3512 355 3584 λΙλες.
374 3514 464 3582 V173
484 3521 497 3571 1
514 3515 607 3572 Paral.
626 3515 692 3571 XIV
706 3523 732 3573 8.
