2400 3840
493 140 646 219 ΕόΔοΜΗ
1015 168 1077 232 151

55 352 139 405 τους
162 322 204 411 ἦν
228 329 245 395 ὁ
261 314 398 413 Ἰωάβου
421 327 565 411 ἀδελφὸς
581 326 781 413 Ἀβεσσαῖος·
807 309 922 420 (315)
937 326 992 394 καὶ
1015 332 1078 416 νδιρ

56 430 158 512 οὗτος
181 443 240 521 μιῆι
262 433 368 522 ῆμέρηι
390 446 458 501 τῶν
480 418 649 519 πολεμίων
672 431 862 512 ἑξακοσίους
880 434 1081 501 ἀπέκτεινεν.

56 530 205 625 πέμπτος
228 544 376 617 Βαναίας
403 541 420 606 ὁ
445 542 552 627 ἱερεὺς
574 550 619 628 τῷ
643 538 740 623 γένει.
786 539 988 625 προκληθεὶς
1015 543 1078 629 γὰρ

56 645 116 713 ὑπ’
142 646 298 731 ἀδελφῶν
327 648 498 731 διασήμων
527 646 563 712 ἐν
590 656 630 732 τῆ
653 648 845 731 Μωαβίτιδι
873 647 978 734 χώρᾳ,
1005 646 1076 713 κατ’

26 753 180 839 ὁάρετῆν
205 752 382 836 ἐκράτησεν
400 752 521 819 αὐτῶν.
560 751 616 818 καὶ
635 753 737 818 πόλιν
755 754 858 818 αὐτὸν
877 752 999 839 ἀνδρὸς
1018 755 1078 818 Αί-

55 862 201 943 χυπτίον
224 862 261 925 τὸ
285 858 392 944 γένος,
415 867 613 944 θαυμαστοῦ
636 860 674 924 τὸ
698 857 851 944 μέγεθος,
876 865 1079 946 προκαλεσα-

56 965 172 1052 μένου,
191 967 318 1051 γυμνὸς
336 967 546 1051 ὡπλισμένον
564 975 610 1054 τῷ
625 967 741 1051 δόρατι
755 975 800 1053 τῷ
816 965 945 1031 ἐκείνου
964 967 1076 1050 βαλὼν

56 1069 242 1138 ἀπέκτεινε·
272 1064 505 1158 περιελόμενος
537 1073 600 1158 γὰρ
633 1072 735 1136 αὐτοῦ
762 1074 825 1164 τὸν
852 1073 989 1156 ἄκοντα,
1021 1071 1076 1137 καὶ

58 1176 153 1256 ζῶντ’
180 1181 227 1243 ἔτι
249 1177 304 1244 καὶ
327 1181 515 1263 μαχόμενον
538 1180 734 1260 σκυλεύσας,
758 1189 828 1255 τοῖς
852 1180 950 1254 ίδίοις
973 1178 1077 1244 αὐτὸν

18 1305 42 1344 ιο
57 1286 174 1361 ὅπλοις
197 1286 401 1370 διεχρήσατο.
448 1285 566 1369 <316>
593 1286 876 1370 προσαριθμήσειε
905 1281 935 1348 δ’
961 1285 1004 1349 όίν
1026 1309 1077 1360 τις

57 1391 162 1455 αὐτοῦ
193 1388 248 1455 καὶ
280 1400 378 1456 τοῦτο
411 1403 484 1468 ταῖς
509 1389 763 1477 προειρημέναις
794 1389 952 1476 πρόξεσιν
984 1388 1004 1473 ῆ
1032 1391 1083 1467 ὡς’

56 1509 190 1583 πρῶτον
214 1497 324 1562 αὐτῶν
346 1494 417 1562 κατ’
444 1497 607 1581 εὐψυχίαν
630 1497 650 1580 ῆ
674 1497 718 1574 ὡς
746 1496 871 1581 ὅμοιον.
917 1498 1077 1581 νίφοντος

56 1605 120 1689 χίιρ
144 1612 204 1668 τοῦ
227 1609 312 1668 θεοῦ
336 1601 422 1668 λέων
445 1609 493 1680 είς
515 1626 590 1668 τινα
613 1603 736 1668 λοίκκον
760 1604 909 1669 ὀλισθὼν
933 1600 1077 1687 ἐνέπεσε,

57 1718 177 1775 στενοῦ
205 1707 236 1774 δ’
267 1712 364 1787 όντος
390 1718 451 1774 τοῦ
479 1712 618 1793 στομίου
646 1710 746 1792 δῆλος
775 1702 818 1792 ἦν
848 1709 978 1793 ἀφανής
1005 1708 1078 1774 ἐσό-

16 1837 42 1878 15
57 1839 166 1900 μενος,
190 1814 416 1901 ἐμφραγέντος
435 1815 538 1880 αὐτοῦ
557 1822 596 1899 τῆ
615 1815 712 1898 χιόνι.
749 1818 855 1900 πόρον
874 1809 936 1879 οὗν
954 1811 1077 1879 οὐδένα

56 1920 190 2006 βλέπων
213 1920 330 2000 ἐξόδου
352 1919 408 1985 καὶ
432 1923 595 2006 σωτηρίας
614 1918 785 2006 ἐβρυχᾶτο.
826 1921 935 2003 <317>
957 1928 1018 1984 τοῦ
1040 1915 1077 1984 δὲ

56 2030 164 2114 θηρὸς
186 2026 330 2104 ἀκούσας
354 2027 371 2093 ὁ
395 2029 542 2103 Βαναίας
565 2023 685 2113 (ὥδευε
712 2026 774 2111 γὰρ
803 2022 890 2112 τότε)
913 2023 968 2090 καὶ
992 2026 1076 2111 πρὸς

55 2135 118 2218 τήν
141 2134 226 2218 βοήν
249 2132 374 2216 ἐλθών,
397 2133 542 2217 καταβὰς
565 2134 612 2209 εἰς
634 2133 672 2196 τὸ
696 2134 847 2216 στόμιον,
870 2131 994 2215 πλήξας
1017 2131 1075 2196 αὐ-

56 2226 116 2305 τὸν
144 2241 331 2324 μαχόμενον
362 2248 407 2327 τῷ
439 2239 519 2323 μετὰ
545 2249 658 2324 χεῖρας
685 2236 771 2327 ξύλῳ
799 2235 986 2329 παραχρῆμ’
1015 2238 1076 2303 ἀπ-

13 2369 43 2409 20
57 2344 190 2411 έκτεινε.
226 2342 281 2410 καὶ
300 2345 335 2410 οἱ
350 2342 461 2410 λοιποὶ
481 2341 518 2409 δὲ
536 2353 683 2410 τοιοῦτοι
703 2344 763 2420 τὰς
781 2343 898 2431 ἀρετὰς
915 2344 1075 2430 ὑπῆρχον.

125 2450 235 2534 <318>
258 2450 275 2516 ὁ
300 2446 337 2514 δὲ
360 2453 516 2535 βασιλεὺς
537 2451 690 2533 Δαυίδης
716 2452 920 2534 βουλόμενος
947 2454 1128 2540 χνῶναιη13

56 2560 157 2624 πόσαι
181 2555 340 2642 μυριάδες
363 2553 426 2620 είσὶ
449 2564 509 2620 τοῦ
533 2560 627 2638 λαοῦ,
651 2565 720 2620 τῶν
742 2553 907 2631 Μωυσέος
931 2554 1076 2622 ἐντολῶν

57 2665 291 2748 ἐκλαθόμενος,
315 2662 352 2740 δς
374 2672 542 2747 προεῖπεν,
566 2658 625 2726 ἐὰν
648 2659 856 2745 ἐξαριθμηθῇ
878 2660 916 2725 τὸ
935 2665 1076 2744 πλῆθος,

56 2768 141 2856 ὑπὲρ
171 2768 308 2852 ἑκάστης
333 2773 479 2853 κεφαλῆς
507 2766 610 2831 αὐτοῦ
640 2775 686 2853 τῷ
712 2771 783 2853 θεῷ
810 2762 939 2830 τελέσαι
967 2764 1077 2849 ἡμίσι-

13 2882 150 2959 ετρκλον,
164 2873 364 2961 προσέταξεν
374 2872 496 2963 Ἰωοίβφ
510 2865 556 2961 τῷ
570 2859 741 2965 στρατηγῷ
754 2868 955 2958 πορευθέντι
968 2869 1076 2935 πάντα

57 2984 119 3047 τὸν
141 2985 243 3066 όχλον
266 2980 495 3067 ἐξαριθμῆσαι.
542 2979 651 3063 <319>
673 2987 734 3044 τοῦ
757 2976 788 3043 δ’
812 2978 873 3043 οὐκ
896 2977 1078 3060 ἀναγκαίου

59 3083 151 3159 εἶναι
173 3088 341 3171 φήσαντος
367 3095 465 3151 τοῦτο
493 3072 603 3150 ποιεῖν
631 3083 692 3149 οὐκ
719 3082 873 3167 ἐπείσθη,
900 3081 1077 3169 προσέταξε

59 3191 98 3258 δὲ
129 3191 233 3278 μηδὲν
262 3194 470 3278 μελλήσαντα
501 3179 648 3276 βαδίζειν
681 3188 734 3255 ἐπὶ
765 3190 827 3274 τήν
860 3188 1078 3276 ἐξαρίθμησιν

61 3311 132 3364 τῶν
151 3297 322 3384 Ἑβραίων.
365 3296 498 3382 Ἰώαβος
521 3294 558 3363 δὲ
581 3299 659 3373 τοὺς
685 3297 848 3381 ἄρχοντας
875 3305 943 3360 τῶν
966 3302 1084 3380 φυλῶν

137 3434 839 3504 §315=2Reg.xxlss1s;1Para1.x[20.
944 3441 1087 3500 §3182

67 3524 293 3593 2Reg.XXIV;
315 3524 564 3584 1Paral.XX11.
654 3557 657 3563 ·
