2400 3840
510 140 634 189 μαλυιτ
1014 138 1079 202 283

62 299 117 362 καὶ
140 300 283 375 καθίσας
306 296 359 382 ἐφ’
382 301 526 384 άρματος
544 301 592 375 είς
610 299 671 381 τὴν
687 298 872 384 Ἰεσράελαν
891 297 1079 384 ἐπορεύετο·

62 404 245 488 γενομένου
269 403 299 469 δ’
326 405 424 488 ἐγγὺς
448 405 465 470 6
490 408 621 487 σκοπός,
645 405 685 470 ὃν
708 406 726 471 6
750 407 905 489 βασιλεὺς
925 402 1081 489 Ἰώραμος
1106 391 1111 399 ’

61 511 258 576 καθεστάκει
290 515 369 588 τοὺς
402 509 600 597 ἐρχομένους
637 514 684 588 είς
704 511 777 594 τὴν
807 513 907 576 πόλιν
938 511 1080 596 ἀφορᾶν,

62 619 146 682 ίδὼν
169 618 249 700 μετὰ
271 619 424 700 πλήθους
450 619 721 704 προσελαύνοντα
747 619 807 682 τὸν
826 615 948 700 Ἰηοῦν,
977 615 1080 699 ἀπηγ-

32 729 172 805 εγειλεν
188 720 332 812 Ἰωράμῳ
351 725 646 809 προσελαύνουσαν
670 722 796 789 ἱππέων
818 729 901 806 λ’λην.
939 722 1079 806 <115>ὃ

61 828 92 894 δ’
129 829 233 904 εὐθὺς
270 828 440 895 ἐκέλευσεν
477 829 713 914 ἐκπεμφθῆναί
746 854 821 895 τινα
853 841 920 894 τών
953 829 1079 893 ἱππέων

59 937 334 1019 ὑπαντησόμενον
360 933 416 1000 καὶ
442 939 492 1011 τίς
520 935 610 1001 ἐστιν
638 936 656 1001 6
680 938 830 1022 προσιὼν
856 939 1078 1020 γνωσόμενον.

60 1041 173 1106 ἐλθὼν
191 1035 253 1105 οὖν
271 1042 354 1127 πρὸς
371 1043 431 1106 τὸν
447 1039 555 1124 Ἰηοῦν
574 1042 591 1107 6
612 1042 730 1118 ἱππεὺς
748 1040 899 1127 ἐπηρώτα
918 1040 993 1128 περὶ
1011 1054 1079 1106 τῶν

60 1145 98 1211 έν
120 1157 166 1234 τῳ
189 1146 413 1235 στρατοπέδῳ·
436 1147 673 1213 πυνθάνεσθαι
696 1149 759 1233 γάρ
782 1157 885 1212 ταῦτα
903 1149 964 1212 τὸν
987 1152 1080 1232 βασι-

16 1274 45 1314 ιο
60 1252 128 1317 λέα.
165 1253 184 1317 ὃ
203 1249 240 1317 δὲ
258 1249 363 1338 μηδὲν
381 1250 443 1338 μὲν
460 1252 536 1339 περὶ
554 1254 683 1319 τούτων
701 1259 993 1339 πολυπραγμονεῖν
1012 1253 1079 1319 ἐκέ-

60 1365 189 1441 λευσεν,
212 1358 351 1425 ἕπεσθαι
371 1357 401 1423 δ’
423 1360 520 1448 αὐτῷ.
563 1360 672 1443 <116>
691 1357 790 1424 ταῦθ’
813 1359 830 1424 6
850 1361 971 1436 σκοπὸς
990 1360 1080 1445 δρῶν

60 1464 258 1546 ἀπήγγειλεν
287 1463 432 1553 Ἰωράμῳ
464 1468 524 1531 τὸν
562 1464 675 1548 ἱππέα,
713 1463 997 1549 συγκαταμιγέντα
1033 1474 1079 1552 τῳ

59 1572 182 1652 πλήθει
213 1582 281 1635 τών
307 1573 531 1656 προσιόντων,
564 1574 627 1637 σὺν
657 1570 796 1648 ἐκείνοις
823 1575 1078 1656 παραγίνεσθαι.

59 1674 250 1760 πέμψαντος
268 1673 305 1741 δὲ
323 1675 379 1741 καὶ
398 1679 556 1762 δεύτερον
576 1687 636 1742 τοῦ
655 1676 826 1761 βασιλέως,
849 1677 951 1742 ταύτὸ
969 1686 1079 1741 ποιεῖν

16 1804 44 1846 15
59 1780 259 1867 προσέταξεν
279 1781 392 1866 Ἰηοῦς.
437 1783 556 1866 <117>
584 1784 628 1860 ὡς
656 1780 693 1848 δὲ
719 1782 775 1848 καὶ
797 1780 887 1847 τοῦτ’
914 1781 1079 1864 ἐδήλωσεν

59 1887 78 1953 6
107 1890 228 1965 σκοπὸς
253 1887 413 1978 Ἰωράμῳ,
445 1894 637 1954 τελευταῖον
664 1889 764 1965 αύτὸς
791 1886 906 1972 ἐπιβάς
934 1888 1079 1972 άρματος

60 1997 123 2058 σὺν
143 1992 268 2082 Ὀχοζίᾳ
294 2005 340 2084 τῷ
362 2007 430 2060 τῶν
448 1993 687 2080 Ἰεροσολύμων
714 1997 846 2078 βασιλεῖ
868 1990 992 2079 (παρῆν
1014 1994 1078 2077 γάρ

59 2100 169 2184 αὐτός,
193 2102 238 2178 ώς
262 2104 388 2187 ἐφαμεν
411 2104 612 2188 ἔμπροσθεν,
637 2102 801 2185 ὀψόμενος
824 2100 927 2164 αὐτὸν
949 2111 1019 2174 πῶς
1042 2097 1078 2163 ἐκ

59 2214 120 2270 τοῦ
143 2208 328 2292 τραύματος
352 2211 431 2293 ἐχοι,
457 2209 513 2273 διὰ
536 2205 747 2294 συγγένειαν)
772 2205 912 2291 ἐξῆλθεν
934 2205 1078 2287 ὑπαντη-

15 2335 45 2374 ιο
60 2315 208 2397 σόμενος.
263 2317 477 2402 σχολαίτερον
509 2311 547 2380 δὲ
577 2313 633 2381 καὶ
665 2311 734 2400 μετ’
769 2313 919 2392 εὐταξίας
953 2313 1078 2377 ὥδευεν

56 2417 170 2500 Ἰηοῦς.
215 2420 324 2502 <118>
348 2423 544 2506 καταλαβών
567 2421 597 2486 δ’
623 2420 659 2487 ἐν
682 2422 772 2509 ιἰγρηῖ
797 2419 869 2509 (τῳ)
890 2419 1077 2503 Ναβούῦου

57 2533 180 2589 τοῦτον
190 2522 346 2612 Ἰώραμος
360 2525 569 2592 ἐπυνθάνετο
584 2529 614 2591 εί
627 2523 723 2591 πάντ’
738 2529 807 2610 ἐχοι
821 2531 929 2600 καλῶς
942 2526 983 2588 τδι
996 2525 1078 2588 κατά

56 2631 95 2694 τὸ
129 2632 362 2716 στρατόπεδον.
418 2632 718 2716 βλασφημήσαντος
750 2627 787 2695 δέ
818 2639 944 2713 πικρῶς
974 2628 1078 2692 αύτὸν

55 2735 143 2818 Ἰηοῦ
166 2736 212 2813 ὡς
233 2734 288 2801 καὶ
311 2736 373 2819 τὴν
396 2734 519 2821 μητέρα
542 2736 646 2800 αὐτοῦ
669 2735 846 2819 φαρμακὸν
870 2730 925 2797 καὶ
948 2736 1079 2817 πόρνην

15 2861 43 2901 25
58 2841 271 2925 ἀποκαλέσαι,
295 2844 407 2919 δείσας
430 2842 448 2907 6
471 2844 627 2926 βασιλεὺς
644 2841 706 2922 τὴν
725 2839 879 2904 διάνοιαν
897 2837 1001 2904 αὐτοῦ
1023 2837 1079 2903 καὶ

58 2944 164 3033 μηδὲν
195 2944 288 3031 ὑγιὲς
319 2959 460 3033 φρονεῖν
492 2946 596 3011 αὐτὸν
627 2946 830 3028 ὑπονοησας,
862 2943 1005 3030 στρέψας
1034 2945 1079 3020 ώς

59 3050 126 3138 εἶχε
149 3055 187 3118 τὸ
211 3056 298 3140 άρμα
322 3057 439 3138 ἔφυγε,
467 3054 576 3136 φήσας
602 3052 686 3137 πρὸς
705 3048 851 3138 Ὀχοζίαν
879 3049 998 3137 ἐνέδρα
1022 3048 1077 3114 καὶ

59 3162 148 3248 δόλῳ
162 3165 497 3245 κατεστρατηγῆσθαι.
525 3156 631 3242 Ἰηοῦς
645 3155 682 3223 δὲ
695 3157 851 3235 τοξεύσας
865 3156 968 3220 αὐτὸν
981 3178 1078 3220 κατα-

58 3266 185 3349 βάλλει,
206 3276 266 3331 τοῦ
285 3267 405 3350 βέλους
423 3265 480 3328 διά
497 3274 557 3348 τῆς
573 3266 712 3349 καρδίας
729 3260 932 3347 ἐνεχθέντος.
970 3263 1078 3344 <119>

16 3389 44 3428 ³0
58 3369 113 3436 καὶ
140 3369 295 3456 Ἰώραμος
323 3367 384 3454 μὲν
411 3369 516 3448 εὐθὺς
542 3370 653 3434 πεσών
683 3366 736 3433 ἐπὶ
766 3371 850 3450 γόνυ
879 3368 940 3450 τὴν
967 3369 1078 3452 ψυχὴν

132 3498 146 3558 ξ
162 3497 212 3546 115
232 3518 265 3538 =
285 3493 384 3560 4Reg.
400 3490 438 3544 IX
455 3495 495 3544 17.
