<?xml version="1.0" encoding="UTF-8"?>
<!DOCTYPE html PUBLIC "-//W3C//DTD XHTML 1.0 Transitional//EN"
    "http://www.w3.org/TR/xhtml1/DTD/xhtml1-transitional.dtd">
<html xmlns="http://www.w3.org/1999/xhtml" xml:lang="en" lang="en">
 <head>
  <title>
</title>
<meta http-equiv="Content-Type" content="text/html;charset=utf-8" />
  <meta name='ocr-system' content='tesseract 3.04.00' />
  <meta name='ocr-capabilities' content='ocr_page ocr_carea ocr_par ocr_line ocrx_word'/>
</head>
<body>
  <div class='ocr_page' id='page_1' title='image "./operaomniaposti03nabegoog_0240.png"; bbox 0 0 2400 3840; ppageno 0'>
   <div class='ocr_carea' id='block_1_1' title="bbox 126 125 769 189">
    <p class='ocr_par' dir='ltr' id='par_1_1' title="bbox 126 125 769 189">
     <span class='ocr_line' id='line_1_1' title="bbox 126 125 769 189; baseline -0.002 -10"><span class='ocrx_word' id='word_1_1' title='bbox 126 125 189 189; x_wconf 84' lang='lat'><strong><em>188</em></strong></span> <span class='ocrx_word' id='word_1_2' title='bbox 496 127 769 179; x_wconf 77' lang='grc' dir='ltr'><strong>ΔΡΧΑΙΟΛΟΓΙΑΣ</strong></span> 
     </span>
    </p>
   </div>
   <div class='ocr_carea' id='block_1_2' title="bbox 88 282 1181 1009">
    <p class='ocr_par' dir='ltr' id='par_1_2' title="bbox 88 282 1181 1009">
     <span class='ocr_line' id='line_1_2' title="bbox 124 282 1140 373; baseline 0.002 -21"><span class='ocrx_word' id='word_1_3' title='bbox 124 287 143 352; x_wconf 88' lang='grc' dir='ltr'><strong><em>δ</em></strong></span> <span class='ocrx_word' id='word_1_4' title='bbox 157 297 225 352; x_wconf 90' lang='grc' dir='ltr'><strong><em>τῶν</em></strong></span> <span class='ocrx_word' id='word_1_5' title='bbox 238 286 478 372; x_wconf 89' lang='grc' dir='ltr'><strong><em>τετταράκοντα</em></strong></span> <span class='ocrx_word' id='word_1_6' title='bbox 491 289 623 372; x_wconf 78' lang='grc' dir='ltr'><strong><em>πήχεων</em></strong></span> <span class='ocrx_word' id='word_1_7' title='bbox 637 282 728 364; x_wconf 79' lang='grc' dir='ltr'><strong><em>οἶκος</em></strong></span> <span class='ocrx_word' id='word_1_8' title='bbox 745 289 810 373; x_wconf 87' lang='grc' dir='ltr'><strong><em>πρὸ</em></strong></span> <span class='ocrx_word' id='word_1_9' title='bbox 823 296 886 353; x_wconf 89' lang='grc' dir='ltr'><strong><em>τοῦ</em></strong></span> <span class='ocrx_word' id='word_1_10' title='bbox 899 289 1140 372; x_wconf 85' lang='grc' dir='ltr'><strong><em>καταπετάσμα·</em></strong></span> 
     </span>
     <span class='ocr_line' id='line_1_3' title="bbox 124 389 1181 484; baseline 0.005 -27"><span class='ocrx_word' id='word_1_11' title='bbox 124 416 180 470; x_wconf 90' lang='grc' dir='ltr'><strong><em>τος</em></strong></span> <span class='ocrx_word' id='word_1_12' title='bbox 199 402 259 458; x_wconf 90' lang='grc' dir='ltr'><strong><em>τοῦ</em></strong></span> <span class='ocrx_word' id='word_1_13' title='bbox 277 393 416 458; x_wconf 86' lang='grc' dir='ltr'><strong><em>ἀδύτου·</em></strong></span> <span class='ocrx_word' id='word_1_14' title='bbox 438 392 475 459; x_wconf 91' lang='grc' dir='ltr'><strong><em>έν</em></strong></span> <span class='ocrx_word' id='word_1_15' title='bbox 492 394 598 482; x_wconf 76' lang='grc' dir='ltr'><strong><em>τούτῳ</em></strong></span> <span class='ocrx_word' id='word_1_16' title='bbox 618 389 649 458; x_wconf 89' lang='grc' dir='ltr'><strong><em>δ’</em></strong></span> <span class='ocrx_word' id='word_1_17' title='bbox 670 392 691 476; x_wconf 79' lang='grc' dir='ltr'>ἡ</span> <span class='ocrx_word' id='word_1_18' title='bbox 709 395 850 477; x_wconf 78' lang='grc' dir='ltr'><strong><em>κιβωτὸς</em></strong></span> <span class='ocrx_word' id='word_1_19' title='bbox 868 395 986 478; x_wconf 80' lang='grc' dir='ltr'><strong><em>ἔμελλε</em></strong></span> <span class='ocrx_word' id='word_1_20' title='bbox 1004 401 1140 484; x_wconf 77' lang='grc' dir='ltr'><strong><em>κεῖσθαι</em></strong></span> <span class='ocrx_word' id='word_1_21' title='bbox 1177 392 1181 464; x_wconf 62' lang='lat'><strong><em>¹!</em></strong></span> 
     </span>
     <span class='ocr_line' id='line_1_4' title="bbox 88 486 1181 586; baseline -0.001 -21"><span class='ocrx_word' id='word_1_22' title='bbox 88 516 104 565; x_wconf 82' lang='lat'>8</span> <span class='ocrx_word' id='word_1_23' title='bbox 190 500 278 582; x_wconf 82' lang='lat'>&lt;91&gt;</span> <span class='ocrx_word' id='word_1_24' title='bbox 301 502 464 583; x_wconf 78' lang='grc' dir='ltr'><strong><em>οἰνοχοῶν</em></strong></span> <span class='ocrx_word' id='word_1_25' title='bbox 487 496 519 563; x_wconf 90' lang='grc' dir='ltr'><strong><em>δ’</em></strong></span> <span class='ocrx_word' id='word_1_26' title='bbox 544 498 563 564; x_wconf 89' lang='grc' dir='ltr'><strong><em>δ</em></strong></span> <span class='ocrx_word' id='word_1_27' title='bbox 586 501 743 583; x_wconf 78' lang='grc' dir='ltr'><strong><em>βασιλεὺς</em></strong></span> <span class='ocrx_word' id='word_1_28' title='bbox 770 499 935 586; x_wconf 90' lang='grc' dir='ltr'><strong><em>μυριάδας</em></strong></span> <span class='ocrx_word' id='word_1_29' title='bbox 963 501 1051 566; x_wconf 86' lang='grc' dir='ltr'><strong><em>ὀκτὼ</em></strong></span> <span class='ocrx_word' id='word_1_30' title='bbox 1074 523 1140 565; x_wconf 86' lang='grc' dir='ltr'><strong><em>κατ·</em></strong></span> <span class='ocrx_word' id='word_1_31' title='bbox 1177 486 1181 528; x_wconf 63' lang='lat'><strong><em>¹3</em></strong></span> 
     </span>
     <span class='ocr_line' id='line_1_5' title="bbox 125 602 1140 692; baseline 0.002 -23"><span class='ocrx_word' id='word_1_32' title='bbox 125 606 281 670; x_wconf 90' lang='grc' dir='ltr'><strong><em>εσκεύασε</em></strong></span> <span class='ocrx_word' id='word_1_33' title='bbox 303 602 358 670; x_wconf 83' lang='grc' dir='ltr'><strong><em>καὶ</em></strong></span> <span class='ocrx_word' id='word_1_34' title='bbox 381 610 514 690; x_wconf 83' lang='grc' dir='ltr'><strong><em>φιαλῶν</em></strong></span> <span class='ocrx_word' id='word_1_35' title='bbox 534 615 669 690; x_wconf 93' lang='grc' dir='ltr'><strong><em>χρυσῶν</em></strong></span> <span class='ocrx_word' id='word_1_36' title='bbox 687 604 778 689; x_wconf 93' lang='grc' dir='ltr'><strong><em>δέκα,</em></strong></span> <span class='ocrx_word' id='word_1_37' title='bbox 800 605 950 692; x_wconf 86' lang='grc' dir='ltr'><strong><em>ἀργυρᾶς</em></strong></span> <span class='ocrx_word' id='word_1_38' title='bbox 974 603 1012 671; x_wconf 70' lang='grc' dir='ltr'><strong><em>δὲ</em></strong></span> <span class='ocrx_word' id='word_1_39' title='bbox 1031 608 1140 672; x_wconf 60' lang='grc' dir='ltr'><strong><em>διπλα-Υ</em></strong></span> 
     </span>
     <span class='ocr_line' id='line_1_6' title="bbox 124 706 1158 796; baseline 0 -21"><span class='ocrx_word' id='word_1_40' title='bbox 124 715 252 788; x_wconf 93' lang='grc' dir='ltr'><strong><em>σίονας·</em></strong></span> <span class='ocrx_word' id='word_1_41' title='bbox 275 709 428 776; x_wconf 80' lang='grc' dir='ltr'><strong><em>πινάκων</em></strong></span> <span class='ocrx_word' id='word_1_42' title='bbox 450 706 488 775; x_wconf 72' lang='grc' dir='ltr'><strong><em>δὲ</em></strong></span> <span class='ocrx_word' id='word_1_43' title='bbox 506 722 651 796; x_wconf 81' lang='grc' dir='ltr'><strong><em>χρυσῶν,</em></strong></span> <span class='ocrx_word' id='word_1_44' title='bbox 674 713 722 788; x_wconf 89' lang='grc' dir='ltr'><strong><em>είς</em></strong></span> <span class='ocrx_word' id='word_1_45' title='bbox 743 711 782 776; x_wconf 90' lang='grc' dir='ltr'><strong><em>τὸ</em></strong></span> <span class='ocrx_word' id='word_1_46' title='bbox 804 709 1012 796; x_wconf 76' lang='grc' dir='ltr'><strong><em>προσφέρειν</em></strong></span> <span class='ocrx_word' id='word_1_47' title='bbox 1034 709 1073 777; x_wconf 86' lang='grc' dir='ltr'><strong><em>ἐν</em></strong></span> <span class='ocrx_word' id='word_1_48' title='bbox 1090 710 1158 775; x_wconf 65' lang='grc' dir='ltr'><strong><em>ατί-5</em></strong></span> 
     </span>
     <span class='ocr_line' id='line_1_7' title="bbox 123 814 1140 907; baseline 0.001 -26"><span class='ocrx_word' id='word_1_49' title='bbox 123 829 195 894; x_wconf 84' lang='grc' dir='ltr'><strong><em>τοῖς</em></strong></span> <span class='ocrx_word' id='word_1_50' title='bbox 216 814 455 901; x_wconf 69' lang='grc' dir='ltr'><strong><em>πεφυραμένην</em></strong></span> <span class='ocrx_word' id='word_1_51' title='bbox 474 817 648 900; x_wconf 75' lang='grc' dir='ltr'><strong><em>σεμίδαλιν</em></strong></span> <span class='ocrx_word' id='word_1_52' title='bbox 666 826 712 905; x_wconf 74' lang='grc' dir='ltr'><strong><em>τῷ</em></strong></span> <span class='ocrx_word' id='word_1_53' title='bbox 730 820 842 907; x_wconf 76' lang='grc' dir='ltr'><strong><em>βωμῷ,</em></strong></span> <span class='ocrx_word' id='word_1_54' title='bbox 864 817 1034 903; x_wconf 78' lang='grc' dir='ltr'><strong><em>μυριάδας</em></strong></span> <span class='ocrx_word' id='word_1_55' title='bbox 1053 817 1140 899; x_wconf 81' lang='grc' dir='ltr'><strong><em>ὀκτώ,</em></strong></span> 
     </span>
     <span class='ocr_line' id='line_1_8' title="bbox 123 911 1140 1009; baseline 0 -22"><span class='ocrx_word' id='word_1_56' title='bbox 123 924 252 988; x_wconf 90' lang='grc' dir='ltr'><strong><em>τούτων</em></strong></span> <span class='ocrx_word' id='word_1_57' title='bbox 283 918 315 986; x_wconf 86' lang='grc' dir='ltr'><strong><em>δ’</em></strong></span> <span class='ocrx_word' id='word_1_58' title='bbox 347 920 516 1008; x_wconf 81' lang='grc' dir='ltr'><strong><em>ἀργυροῦς</em></strong></span> <span class='ocrx_word' id='word_1_59' title='bbox 547 911 778 999; x_wconf 73' lang='grc' dir='ltr'><strong><em>διπλασίονας·</em></strong></span> <span class='ocrx_word' id='word_1_60' title='bbox 810 930 979 1009; x_wconf 77' lang='grc' dir='ltr'><strong><em>κρατῆρας</em></strong></span> <span class='ocrx_word' id='word_1_61' title='bbox 1011 922 1065 1006; x_wconf 92' lang='grc' dir='ltr'><strong><em>δέ,</em></strong></span> <span class='ocrx_word' id='word_1_62' title='bbox 1096 913 1140 999; x_wconf 82' lang='grc' dir='ltr'><strong><em>οἷς</em></strong></span> 
     </span>
    </p>
   </div>
   <div class='ocr_carea' id='block_1_3' title="bbox 82 1025 1173 3541">
    <p class='ocr_par' dir='ltr' id='par_1_3' title="bbox 118 1025 1171 3015">
     <span class='ocr_line' id='line_1_9' title="bbox 124 1025 1140 1114; baseline 0.002 -22"><span class='ocrx_word' id='word_1_63' title='bbox 124 1026 298 1111; x_wconf 83' lang='grc' dir='ltr'><strong><em>ἐνεφύρων</em></strong></span> <span class='ocrx_word' id='word_1_64' title='bbox 329 1026 391 1110; x_wconf 77' lang='grc' dir='ltr'><strong><em>τὴν</em></strong></span> <span class='ocrx_word' id='word_1_65' title='bbox 422 1027 598 1112; x_wconf 81' lang='grc' dir='ltr'><strong><em>σεμίδαλιν</em></strong></span> <span class='ocrx_word' id='word_1_66' title='bbox 628 1026 701 1113; x_wconf 87' lang='grc' dir='ltr'><strong><em>μετ’</em></strong></span> <span class='ocrx_word' id='word_1_67' title='bbox 736 1026 865 1112; x_wconf 88' lang='grc' dir='ltr'><strong><em>ἐλαίου,</em></strong></span> <span class='ocrx_word' id='word_1_68' title='bbox 901 1037 1051 1114; x_wconf 85' lang='grc' dir='ltr'><strong><em>χρυσοῦς</em></strong></span> <span class='ocrx_word' id='word_1_69' title='bbox 1085 1025 1140 1114; x_wconf 74' lang='grc' dir='ltr'><strong><em>μὲν</em></strong></span> 
     </span>
     <span class='ocr_line' id='line_1_10' title="bbox 123 1129 1139 1220; baseline 0.003 -23"><span class='ocrx_word' id='word_1_70' title='bbox 123 1130 391 1219; x_wconf 79' lang='grc' dir='ltr'><strong><em>ἑξακισμυρίους,</em></strong></span> <span class='ocrx_word' id='word_1_71' title='bbox 418 1131 587 1219; x_wconf 79' lang='grc' dir='ltr'><strong><em>ἀργυροῦς</em></strong></span> <span class='ocrx_word' id='word_1_72' title='bbox 613 1129 652 1198; x_wconf 72' lang='grc' dir='ltr'><strong><em>δὲ</em></strong></span> <span class='ocrx_word' id='word_1_73' title='bbox 675 1132 728 1210; x_wconf 80' lang='grc' dir='ltr'><strong><em>δὶς</em></strong></span> <span class='ocrx_word' id='word_1_74' title='bbox 749 1134 939 1212; x_wconf 83' lang='grc' dir='ltr'><strong><em>τοσούτους.</em></strong></span> <span class='ocrx_word' id='word_1_75' title='bbox 987 1135 1085 1220; x_wconf 85' lang='grc'>&lt;92&gt;</span> <span class='ocrx_word' id='word_1_76' title='bbox 1104 1135 1139 1200; x_wconf 78' lang='grc' dir='ltr'><strong><em>τά</em></strong></span> 
     </span>
     <span class='ocr_line' id='line_1_11' title="bbox 122 1234 1165 1330; baseline 0.003 -28"><span class='ocrx_word' id='word_1_77' title='bbox 122 1235 224 1325; x_wconf 90' lang='grc' dir='ltr'><strong><em>μέτρα</em></strong></span> <span class='ocrx_word' id='word_1_78' title='bbox 247 1234 285 1305; x_wconf 73' lang='grc' dir='ltr'><strong><em>δέ</em></strong></span> <span class='ocrx_word' id='word_1_79' title='bbox 307 1250 378 1318; x_wconf 78' lang='grc' dir='ltr'><strong><em>τοῖς</em></strong></span> <span class='ocrx_word' id='word_1_80' title='bbox 399 1238 580 1322; x_wconf 76' lang='grc' dir='ltr'><strong><em>Μωυσέος,</em></strong></span> <span class='ocrx_word' id='word_1_81' title='bbox 606 1238 800 1324; x_wconf 80' lang='grc' dir='ltr'><strong><em>λεγομένοις</em></strong></span> <span class='ocrx_word' id='word_1_82' title='bbox 826 1235 865 1305; x_wconf 74' lang='grc' dir='ltr'><strong><em>δέ</em></strong></span> <span class='ocrx_word' id='word_1_83' title='bbox 887 1243 950 1330; x_wconf 82' lang='grc' dir='ltr'><strong><em>εἳν</em></strong></span> <span class='ocrx_word' id='word_1_84' title='bbox 964 1239 1023 1306; x_wconf 80' lang='grc' dir='ltr'><strong><em>καὶ</em></strong></span> <span class='ocrx_word' id='word_1_85' title='bbox 1046 1240 1139 1307; x_wconf 82' lang='grc' dir='ltr'><strong><em>ἅσσά·</em></strong></span> <span class='ocrx_word' id='word_1_86' title='bbox 1149 1255 1165 1296; x_wconf 84' lang='lat'><strong><em>1⁰</em></strong></span> 
     </span>
     <span class='ocr_line' id='line_1_12' title="bbox 123 1342 1138 1433; baseline 0.002 -23"><span class='ocrx_word' id='word_1_87' title='bbox 123 1369 203 1431; x_wconf 92' lang='grc' dir='ltr'><strong><em>ρων,</em></strong></span> <span class='ocrx_word' id='word_1_88' title='bbox 225 1348 449 1433; x_wconf 78' lang='grc' dir='ltr'><strong><em>παραπλήσια,</em></strong></span> <span class='ocrx_word' id='word_1_89' title='bbox 470 1353 578 1431; x_wconf 83' lang='grc' dir='ltr'><strong><em>χρυσᾶ</em></strong></span> <span class='ocrx_word' id='word_1_90' title='bbox 601 1342 663 1430; x_wconf 72' lang='grc' dir='ltr'><strong><em>μέν</em></strong></span> <span class='ocrx_word' id='word_1_91' title='bbox 685 1346 856 1431; x_wconf 84' lang='grc' dir='ltr'><strong><em>δισμύρια,</em></strong></span> <span class='ocrx_word' id='word_1_92' title='bbox 878 1345 1012 1433; x_wconf 80' lang='grc' dir='ltr'><strong><em>ἀργυρᾶ</em></strong></span> <span class='ocrx_word' id='word_1_93' title='bbox 1035 1345 1074 1412; x_wconf 74' lang='grc' dir='ltr'><strong><em>δὲ</em></strong></span> <span class='ocrx_word' id='word_1_94' title='bbox 1095 1348 1138 1412; x_wconf 90' lang='grc' dir='ltr'><strong><em>δι-</em></strong></span> 
     </span>
     <span class='ocr_line' id='line_1_13' title="bbox 122 1442 1138 1537; baseline 0.002 -21"><span class='ocrx_word' id='word_1_95' title='bbox 122 1455 297 1518; x_wconf 90' lang='grc' dir='ltr'><strong><em>πλασίονα.</em></strong></span> <span class='ocrx_word' id='word_1_96' title='bbox 340 1451 547 1535; x_wconf 76' lang='grc' dir='ltr'><strong><em>θυμιατήρια</em></strong></span> <span class='ocrx_word' id='word_1_97' title='bbox 570 1447 609 1515; x_wconf 75' lang='grc' dir='ltr'><strong><em>δὲ</em></strong></span> <span class='ocrx_word' id='word_1_98' title='bbox 630 1459 752 1537; x_wconf 85' lang='grc' dir='ltr'><strong><em>χρυσᾶ,</em></strong></span> <span class='ocrx_word' id='word_1_99' title='bbox 780 1449 817 1517; x_wconf 85' lang='grc' dir='ltr'><strong><em>ἐν</em></strong></span> <span class='ocrx_word' id='word_1_100' title='bbox 842 1442 894 1528; x_wconf 80' lang='grc' dir='ltr'><strong><em>οἷς</em></strong></span> <span class='ocrx_word' id='word_1_101' title='bbox 916 1451 1085 1537; x_wconf 79' lang='grc' dir='ltr'><strong><em>ἐκομίζετο</em></strong></span> <span class='ocrx_word' id='word_1_102' title='bbox 1105 1455 1138 1519; x_wconf 88' lang='grc' dir='ltr'><strong><em>τὸ</em></strong></span> 
     </span>
     <span class='ocr_line' id='line_1_14' title="bbox 122 1556 1138 1644; baseline 0.005 -24"><span class='ocrx_word' id='word_1_103' title='bbox 122 1560 277 1640; x_wconf 87' lang='grc' dir='ltr'><strong><em>θυμίαμα</em></strong></span> <span class='ocrx_word' id='word_1_104' title='bbox 300 1558 348 1632; x_wconf 88' lang='grc' dir='ltr'><strong><em>είς</em></strong></span> <span class='ocrx_word' id='word_1_105' title='bbox 365 1556 425 1621; x_wconf 88' lang='grc' dir='ltr'><strong><em>τὸν</em></strong></span> <span class='ocrx_word' id='word_1_106' title='bbox 443 1557 538 1637; x_wconf 90' lang='grc' dir='ltr'><strong><em>ναόν,</em></strong></span> <span class='ocrx_word' id='word_1_107' title='bbox 561 1556 729 1642; x_wconf 86' lang='grc' dir='ltr'><strong><em>δισμύρια.</em></strong></span> <span class='ocrx_word' id='word_1_108' title='bbox 775 1557 898 1642; x_wconf 87' lang='grc' dir='ltr'><strong><em>ὁμοίως</em></strong></span> <span class='ocrx_word' id='word_1_109' title='bbox 915 1559 1003 1625; x_wconf 79' lang='grc' dir='ltr'><strong><em>ἄλλα</em></strong></span> <span class='ocrx_word' id='word_1_110' title='bbox 1020 1566 1138 1644; x_wconf 88' lang='grc' dir='ltr'><strong><em>θυμια-</em></strong></span> 
     </span>
     <span class='ocr_line' id='line_1_15' title="bbox 121 1653 1138 1751; baseline 0.003 -26"><span class='ocrx_word' id='word_1_111' title='bbox 121 1662 233 1747; x_wconf 83' lang='grc' dir='ltr'><strong><em>τήρια,</em></strong></span> <span class='ocrx_word' id='word_1_112' title='bbox 260 1653 312 1738; x_wconf 83' lang='grc' dir='ltr'><strong><em>οἷς</em></strong></span> <span class='ocrx_word' id='word_1_113' title='bbox 334 1660 485 1746; x_wconf 79' lang='grc' dir='ltr'><strong><em>ἐκόμιζον</em></strong></span> <span class='ocrx_word' id='word_1_114' title='bbox 508 1661 573 1727; x_wconf 89' lang='grc' dir='ltr'><strong><em>ἀπὸ</em></strong></span> <span class='ocrx_word' id='word_1_115' title='bbox 600 1670 661 1727; x_wconf 90' lang='grc' dir='ltr'><strong><em>τοῦ</em></strong></span> <span class='ocrx_word' id='word_1_116' title='bbox 685 1662 832 1748; x_wconf 79' lang='grc' dir='ltr'><strong><em>μεγάλου</em></strong></span> <span class='ocrx_word' id='word_1_117' title='bbox 859 1666 975 1748; x_wconf 76' lang='grc' dir='ltr'><strong><em>βωμοῦ</em></strong></span> <span class='ocrx_word' id='word_1_118' title='bbox 998 1675 1068 1751; x_wconf 86' lang='grc' dir='ltr'><strong><em>πῦρ</em></strong></span> <span class='ocrx_word' id='word_1_119' title='bbox 1091 1661 1138 1731; x_wconf 84' lang='grc' dir='ltr'><strong><em>έπλ</em></strong></span> 
     </span>
     <span class='ocr_line' id='line_1_16' title="bbox 121 1765 1166 1856; baseline 0.005 -24"><span class='ocrx_word' id='word_1_120' title='bbox 121 1768 181 1833; x_wconf 90' lang='grc' dir='ltr'><strong><em>τὸν</em></strong></span> <span class='ocrx_word' id='word_1_121' title='bbox 199 1769 319 1853; x_wconf 89' lang='grc' dir='ltr'><strong><em>μικρὸν</em></strong></span> <span class='ocrx_word' id='word_1_122' title='bbox 336 1769 451 1853; x_wconf 76' lang='grc' dir='ltr'><strong><em>βωμὸν</em></strong></span> <span class='ocrx_word' id='word_1_123' title='bbox 463 1770 523 1834; x_wconf 90' lang='grc' dir='ltr'><strong><em>τὸν</em></strong></span> <span class='ocrx_word' id='word_1_124' title='bbox 538 1765 575 1832; x_wconf 89' lang='grc' dir='ltr'><strong><em>έν</em></strong></span> <span class='ocrx_word' id='word_1_125' title='bbox 587 1777 633 1856; x_wconf 75' lang='grc' dir='ltr'><strong><em>τῷ</em></strong></span> <span class='ocrx_word' id='word_1_126' title='bbox 647 1777 728 1856; x_wconf 73' lang='grc' dir='ltr'><strong><em>ναῷ,</em></strong></span> <span class='ocrx_word' id='word_1_127' title='bbox 745 1771 1017 1856; x_wconf 83' lang='grc' dir='ltr'><strong><em>πεντακισμύρια.</em></strong></span> <span class='ocrx_word' id='word_1_128' title='bbox 1056 1771 1166 1855; x_wconf 78' lang='lat'>&lt;93&gt;1⁵</span> 
     </span>
     <span class='ocr_line' id='line_1_17' title="bbox 122 1870 1139 1963; baseline 0.001 -24"><span class='ocrx_word' id='word_1_129' title='bbox 122 1875 241 1951; x_wconf 83' lang='grc' dir='ltr'><strong><em>στολάς</em></strong></span> <span class='ocrx_word' id='word_1_130' title='bbox 274 1870 305 1938; x_wconf 86' lang='grc' dir='ltr'><strong><em>δ’</em></strong></span> <span class='ocrx_word' id='word_1_131' title='bbox 336 1875 501 1960; x_wconf 77' lang='grc' dir='ltr'><strong><em>ἱερατικὰς</em></strong></span> <span class='ocrx_word' id='word_1_132' title='bbox 526 1884 597 1951; x_wconf 77' lang='grc' dir='ltr'><strong><em>τοῖς</em></strong></span> <span class='ocrx_word' id='word_1_133' title='bbox 629 1873 831 1959; x_wconf 87' lang='grc' dir='ltr'><strong><em>ἀρχιερεῦσι,</em></strong></span> <span class='ocrx_word' id='word_1_134' title='bbox 864 1877 928 1940; x_wconf 86' lang='grc' dir='ltr'><strong><em>σὺν</em></strong></span> <span class='ocrx_word' id='word_1_135' title='bbox 959 1877 1139 1963; x_wconf 83' lang='grc' dir='ltr'><strong><em>ποδήρεσιν</em></strong></span> 
     </span>
     <span class='ocr_line' id='line_1_18' title="bbox 123 1978 1138 2070; baseline 0.004 -26"><span class='ocrx_word' id='word_1_136' title='bbox 123 1978 262 2065; x_wconf 83' lang='grc' dir='ltr'><strong><em>ἐπωμίσι</em></strong></span> <span class='ocrx_word' id='word_1_137' title='bbox 285 1979 341 2047; x_wconf 82' lang='grc' dir='ltr'><strong><em>καὶ</em></strong></span> <span class='ocrx_word' id='word_1_138' title='bbox 363 1984 482 2070; x_wconf 82' lang='grc' dir='ltr'><strong><em>λογείμ</em></strong></span> <span class='ocrx_word' id='word_1_139' title='bbox 505 1978 561 2045; x_wconf 82' lang='grc' dir='ltr'><strong><em>καὶ</em></strong></span> <span class='ocrx_word' id='word_1_140' title='bbox 584 1983 705 2063; x_wconf 79' lang='grc' dir='ltr'><strong><em>λίθοις,</em></strong></span> <span class='ocrx_word' id='word_1_141' title='bbox 727 1982 844 2065; x_wconf 89' lang='grc' dir='ltr'><strong><em>χιλίας.</em></strong></span> <span class='ocrx_word' id='word_1_142' title='bbox 889 1979 910 2064; x_wconf 82' lang='grc' dir='ltr'>ἡ</span> <span class='ocrx_word' id='word_1_143' title='bbox 933 1978 972 2046; x_wconf 72' lang='grc' dir='ltr'><strong><em>δὲ</em></strong></span> <span class='ocrx_word' id='word_1_144' title='bbox 994 1983 1138 2068; x_wconf 81' lang='grc' dir='ltr'><strong><em>στεφάνη</em></strong></span> 
     </span>
     <span class='ocr_line' id='line_1_19' title="bbox 122 2081 1139 2174; baseline 0.004 -25"><span class='ocrx_word' id='word_1_145' title='bbox 122 2087 170 2161; x_wconf 84' lang='grc' dir='ltr'><strong><em>είς</em></strong></span> <span class='ocrx_word' id='word_1_146' title='bbox 188 2085 230 2167; x_wconf 75' lang='grc' dir='ltr'><strong><em>ἣν</em></strong></span> <span class='ocrx_word' id='word_1_147' title='bbox 248 2090 399 2170; x_wconf 80' lang='grc' dir='ltr'><strong><em>Μωυσῆς</em></strong></span> <span class='ocrx_word' id='word_1_148' title='bbox 415 2088 476 2152; x_wconf 91' lang='grc' dir='ltr'><strong><em>τὸν</em></strong></span> <span class='ocrx_word' id='word_1_149' title='bbox 493 2089 578 2152; x_wconf 85' lang='grc' dir='ltr'><strong><em>θεὸν</em></strong></span> <span class='ocrx_word' id='word_1_150' title='bbox 596 2089 729 2173; x_wconf 80' lang='grc' dir='ltr'><strong><em>ἔγραψε,</em></strong></span> <span class='ocrx_word' id='word_1_151' title='bbox 752 2089 811 2171; x_wconf 90' lang='grc' dir='ltr'><strong><em>μία</em></strong></span> <span class='ocrx_word' id='word_1_152' title='bbox 828 2081 882 2171; x_wconf 79' lang='grc' dir='ltr'><strong><em>ἦν,</em></strong></span> <span class='ocrx_word' id='word_1_153' title='bbox 900 2084 956 2152; x_wconf 82' lang='grc' dir='ltr'><strong><em>καὶ</em></strong></span> <span class='ocrx_word' id='word_1_154' title='bbox 975 2087 1139 2174; x_wconf 83' lang='grc' dir='ltr'><strong><em>διέμεινεν</em></strong></span> 
     </span>
     <span class='ocr_line' id='line_1_20' title="bbox 121 2189 1138 2278; baseline 0.009 -27"><span class='ocrx_word' id='word_1_155' title='bbox 121 2191 197 2272; x_wconf 82' lang='grc' dir='ltr'><strong><em>άχρι</em></strong></span> <span class='ocrx_word' id='word_1_156' title='bbox 225 2191 323 2272; x_wconf 79' lang='grc' dir='ltr'><strong><em>τῆσδε</em></strong></span> <span class='ocrx_word' id='word_1_157' title='bbox 350 2199 409 2272; x_wconf 80' lang='grc' dir='ltr'><strong><em>τῆς</em></strong></span> <span class='ocrx_word' id='word_1_158' title='bbox 435 2189 567 2277; x_wconf 80' lang='grc' dir='ltr'><strong><em>ἡμέρας.</em></strong></span> <span class='ocrx_word' id='word_1_159' title='bbox 617 2194 675 2268; x_wconf 78' lang='grc' dir='ltr'><strong><em>τὰς</em></strong></span> <span class='ocrx_word' id='word_1_160' title='bbox 703 2189 734 2255; x_wconf 91' lang='grc' dir='ltr'><strong><em>δ’</em></strong></span> <span class='ocrx_word' id='word_1_161' title='bbox 766 2192 931 2278; x_wconf 86' lang='grc' dir='ltr'><strong><em>ίερατικδις</em></strong></span> <span class='ocrx_word' id='word_1_162' title='bbox 957 2197 1079 2271; x_wconf 84' lang='grc' dir='ltr'><strong><em>στολάς</em></strong></span> <span class='ocrx_word' id='word_1_163' title='bbox 1106 2193 1138 2259; x_wconf 85' lang='grc' dir='ltr'><strong><em>ἐκ</em></strong></span> 
     </span>
     <span class='ocr_line' id='line_1_21' title="bbox 120 2293 1170 2387; baseline 0.008 -30"><span class='ocrx_word' id='word_1_164' title='bbox 120 2293 248 2377; x_wconf 77' lang='grc' dir='ltr'><strong><em>βύσσον</em></strong></span> <span class='ocrx_word' id='word_1_165' title='bbox 270 2295 503 2377; x_wconf 85' lang='grc' dir='ltr'><strong><em>κατεσκεύασε,</em></strong></span> <span class='ocrx_word' id='word_1_166' title='bbox 525 2293 581 2364; x_wconf 84' lang='grc' dir='ltr'><strong><em>καλ</em></strong></span> <span class='ocrx_word' id='word_1_167' title='bbox 605 2297 708 2374; x_wconf 83' lang='grc' dir='ltr'><strong><em>ζώνας</em></strong></span> <span class='ocrx_word' id='word_1_168' title='bbox 731 2299 779 2375; x_wconf 89' lang='grc' dir='ltr'><strong><em>είς</em></strong></span> <span class='ocrx_word' id='word_1_169' title='bbox 801 2297 940 2363; x_wconf 77' lang='grc' dir='ltr'><strong><em>ἕκαστον</em></strong></span> <span class='ocrx_word' id='word_1_170' title='bbox 962 2310 1139 2387; x_wconf 83' lang='grc' dir='ltr'><strong><em>πορφυρᾶς</em></strong></span> <span class='ocrx_word' id='word_1_171' title='bbox 1150 2314 1170 2354; x_wconf 78' lang='lat'><strong><em>²⁰</em></strong></span> 
     </span>
     <span class='ocr_line' id='line_1_22' title="bbox 119 2397 1138 2490; baseline 0.009 -28"><span class='ocrx_word' id='word_1_172' title='bbox 119 2401 255 2484; x_wconf 90' lang='grc' dir='ltr'><strong><em>μυρίας,</em></strong></span> <span class='ocrx_word' id='word_1_173' title='bbox 283 2397 379 2482; x_wconf 86' lang='grc'>&lt;94&gt;</span> <span class='ocrx_word' id='word_1_174' title='bbox 402 2397 458 2464; x_wconf 81' lang='grc' dir='ltr'><strong><em>καὶ</em></strong></span> <span class='ocrx_word' id='word_1_175' title='bbox 481 2402 674 2484; x_wconf 91' lang='grc' dir='ltr'><strong><em>σαλπίγγων</em></strong></span> <span class='ocrx_word' id='word_1_176' title='bbox 700 2405 783 2467; x_wconf 82' lang='grc' dir='ltr'><strong><em>κατὰ</em></strong></span> <span class='ocrx_word' id='word_1_177' title='bbox 805 2403 973 2482; x_wconf 80' lang='grc' dir='ltr'><strong><em>Μωυσέος</em></strong></span> <span class='ocrx_word' id='word_1_178' title='bbox 1001 2404 1138 2490; x_wconf 78' lang='grc' dir='ltr'><strong><em>ἐντολὴν</em></strong></span> 
     </span>
     <span class='ocr_line' id='line_1_23' title="bbox 119 2502 1138 2598; baseline 0.011 -31"><span class='ocrx_word' id='word_1_179' title='bbox 119 2502 284 2590; x_wconf 89' lang='grc' dir='ltr'><strong><em>μυριάδας</em></strong></span> <span class='ocrx_word' id='word_1_180' title='bbox 307 2509 421 2590; x_wconf 84' lang='grc' dir='ltr'><strong><em>είκοσι,</em></strong></span> <span class='ocrx_word' id='word_1_181' title='bbox 444 2503 499 2571; x_wconf 82' lang='grc' dir='ltr'><strong><em>καὶ</em></strong></span> <span class='ocrx_word' id='word_1_182' title='bbox 523 2512 651 2573; x_wconf 88' lang='grc' dir='ltr'><strong><em>στολῶν</em></strong></span> <span class='ocrx_word' id='word_1_183' title='bbox 673 2519 744 2585; x_wconf 83' lang='grc' dir='ltr'><strong><em>τοῖς</em></strong></span> <span class='ocrx_word' id='word_1_184' title='bbox 765 2509 934 2598; x_wconf 77' lang='grc' dir='ltr'><strong><em>ὑμνῳδοῖς</em></strong></span> <span class='ocrx_word' id='word_1_185' title='bbox 952 2522 1021 2577; x_wconf 90' lang='grc' dir='ltr'><strong><em>τῶν</em></strong></span> <span class='ocrx_word' id='word_1_186' title='bbox 1039 2518 1138 2579; x_wconf 88' lang='grc' dir='ltr'><strong><em>Λευι-</em></strong></span> 
     </span>
     <span class='ocr_line' id='line_1_24' title="bbox 119 2608 1138 2703; baseline 0.009 -27"><span class='ocrx_word' id='word_1_187' title='bbox 119 2621 187 2677; x_wconf 93' lang='grc' dir='ltr'><strong><em>τῶυ</em></strong></span> <span class='ocrx_word' id='word_1_188' title='bbox 214 2608 250 2676; x_wconf 88' lang='grc' dir='ltr'><strong><em>ἐκ</em></strong></span> <span class='ocrx_word' id='word_1_189' title='bbox 277 2612 405 2697; x_wconf 72' lang='grc' dir='ltr'><strong><em>βύσσον</em></strong></span> <span class='ocrx_word' id='word_1_190' title='bbox 433 2613 597 2701; x_wconf 89' lang='grc' dir='ltr'><strong><em>μυριάδας</em></strong></span> <span class='ocrx_word' id='word_1_191' title='bbox 624 2621 736 2681; x_wconf 77' lang='grc' dir='ltr'><strong><em>εἴκοσι.</em></strong></span> <span class='ocrx_word' id='word_1_192' title='bbox 785 2613 841 2679; x_wconf 73' lang='grc' dir='ltr'><strong><em>καὶ</em></strong></span> <span class='ocrx_word' id='word_1_193' title='bbox 872 2617 911 2680; x_wconf 85' lang='grc' dir='ltr'><strong><em>τδ</em></strong></span> <span class='ocrx_word' id='word_1_194' title='bbox 944 2619 1073 2703; x_wconf 76' lang='grc' dir='ltr'><strong><em>ὄργανα</em></strong></span> <span class='ocrx_word' id='word_1_195' title='bbox 1100 2621 1138 2685; x_wconf 84' lang='grc' dir='ltr'><strong><em>τὰ</em></strong></span> 
     </span>
     <span class='ocr_line' id='line_1_25' title="bbox 119 2718 1138 2810; baseline 0.008 -27"><span class='ocrx_word' id='word_1_196' title='bbox 119 2721 261 2802; x_wconf 80' lang='grc' dir='ltr'><strong><em>μουσικά</em></strong></span> <span class='ocrx_word' id='word_1_197' title='bbox 283 2718 338 2786; x_wconf 82' lang='grc' dir='ltr'><strong><em>καὶ</em></strong></span> <span class='ocrx_word' id='word_1_198' title='bbox 361 2724 444 2808; x_wconf 90' lang='grc' dir='ltr'><strong><em>πρὸς</em></strong></span> <span class='ocrx_word' id='word_1_199' title='bbox 465 2723 527 2805; x_wconf 82' lang='grc' dir='ltr'><strong><em>τὴν</em></strong></span> <span class='ocrx_word' id='word_1_200' title='bbox 549 2722 723 2810; x_wconf 84' lang='grc' dir='ltr'><strong><em>ὑμυφδίαν</em></strong></span> <span class='ocrx_word' id='word_1_201' title='bbox 746 2719 962 2807; x_wconf 79' lang='grc' dir='ltr'><strong><em>ἐξηυρημένα,</em></strong></span> <span class='ocrx_word' id='word_1_202' title='bbox 985 2721 1007 2787; x_wconf 83' lang='grc' dir='ltr'><strong><em>δ</em></strong></span> <span class='ocrx_word' id='word_1_203' title='bbox 1029 2731 1138 2792; x_wconf 82' lang='grc' dir='ltr'><strong><em>καλεῖ-</em></strong></span> 
     </span>
     <span class='ocr_line' id='line_1_26' title="bbox 118 2824 1171 2912; baseline 0.009 -24"><span class='ocrx_word' id='word_1_204' title='bbox 118 2847 173 2889; x_wconf 91' lang='grc' dir='ltr'><strong><em>ται</em></strong></span> <span class='ocrx_word' id='word_1_205' title='bbox 195 2825 316 2908; x_wconf 85' lang='grc' dir='ltr'><strong><em>νάβλαι</em></strong></span> <span class='ocrx_word' id='word_1_206' title='bbox 342 2824 397 2891; x_wconf 82' lang='grc' dir='ltr'><strong><em>καὶ</em></strong></span> <span class='ocrx_word' id='word_1_207' title='bbox 424 2829 574 2912; x_wconf 90' lang='grc' dir='ltr'><strong><em>κινύραι,</em></strong></span> <span class='ocrx_word' id='word_1_208' title='bbox 602 2824 634 2904; x_wconf 85' lang='grc' dir='ltr'><strong><em>ἐξ</em></strong></span> <span class='ocrx_word' id='word_1_209' title='bbox 661 2825 823 2912; x_wconf 78' lang='grc' dir='ltr'><strong><em>ἠλέκτρου</em></strong></span> <span class='ocrx_word' id='word_1_210' title='bbox 845 2831 1064 2895; x_wconf 88' lang='grc' dir='ltr'><strong><em>κατεσκεύασε</em></strong></span> <span class='ocrx_word' id='word_1_211' title='bbox 1088 2843 1171 2898; x_wconf 50' lang='grc' dir='ltr'><strong><em>τεά5</em></strong></span> 
     </span>
     <span class='ocr_line' id='line_1_27' title="bbox 118 2932 464 3015; baseline 0.006 -22"><span class='ocrx_word' id='word_1_212' title='bbox 118 2932 347 3015; x_wconf 88' lang='grc' dir='ltr'><strong><em>τρακισμύρια.</em></strong></span> <span class='ocrx_word' id='word_1_213' title='bbox 459 3005 464 3013; x_wconf 40' lang='grc'><strong><em>,</em></strong></span> 
     </span>
    </p>

    <p class='ocr_par' dir='ltr' id='par_1_4' title="bbox 82 3034 1173 3438">
     <span class='ocr_line' id='line_1_28' title="bbox 82 3034 1138 3123; baseline 0.009 -23"><span class='ocrx_word' id='word_1_214' title='bbox 82 3052 99 3100; x_wconf 86' lang='grc'>9</span> <span class='ocrx_word' id='word_1_215' title='bbox 184 3034 281 3117; x_wconf 85' lang='grc'>&lt;95&gt;</span> <span class='ocrx_word' id='word_1_216' title='bbox 304 3042 407 3099; x_wconf 91' lang='grc' dir='ltr'><strong><em>ταῦτα</em></strong></span> <span class='ocrx_word' id='word_1_217' title='bbox 429 3036 537 3101; x_wconf 88' lang='grc' dir='ltr'><strong><em>πάντα</em></strong></span> <span class='ocrx_word' id='word_1_218' title='bbox 565 3035 583 3101; x_wconf 92' lang='grc' dir='ltr'>ὁ</span> <span class='ocrx_word' id='word_1_219' title='bbox 607 3037 772 3120; x_wconf 83' lang='grc' dir='ltr'><strong><em>Σολομὼν</em></strong></span> <span class='ocrx_word' id='word_1_220' title='bbox 800 3040 848 3116; x_wconf 85' lang='grc' dir='ltr'><strong><em>είς</em></strong></span> <span class='ocrx_word' id='word_1_221' title='bbox 874 3041 936 3123; x_wconf 80' lang='grc' dir='ltr'><strong><em>τὴν</em></strong></span> <span class='ocrx_word' id='word_1_222' title='bbox 963 3051 1024 3107; x_wconf 90' lang='grc' dir='ltr'><strong><em>τοῦ</em></strong></span> <span class='ocrx_word' id='word_1_223' title='bbox 1052 3050 1138 3110; x_wconf 86' lang='grc' dir='ltr'><strong><em>θεοῦ</em></strong></span> 
     </span>
     <span class='ocr_line' id='line_1_29' title="bbox 117 3138 1137 3233; baseline 0.011 -31"><span class='ocrx_word' id='word_1_224' title='bbox 117 3140 216 3223; x_wconf 77' lang='grc' dir='ltr'><strong><em>τιμὴν</em></strong></span> <span class='ocrx_word' id='word_1_225' title='bbox 238 3144 426 3216; x_wconf 88' lang='grc' dir='ltr'><strong><em>πολυτελῶς</em></strong></span> <span class='ocrx_word' id='word_1_226' title='bbox 452 3138 507 3204; x_wconf 82' lang='grc' dir='ltr'><strong><em>καλ</em></strong></span> <span class='ocrx_word' id='word_1_227' title='bbox 532 3146 790 3227; x_wconf 88' lang='grc' dir='ltr'><strong><em>μεγαλοπρεπῶς</em></strong></span> <span class='ocrx_word' id='word_1_228' title='bbox 816 3148 1048 3232; x_wconf 86' lang='grc' dir='ltr'><strong><em>κατεσκεύασε,</em></strong></span> <span class='ocrx_word' id='word_1_229' title='bbox 1076 3173 1137 3233; x_wconf 91' lang='grc' dir='ltr'><strong><em>μη-</em></strong></span> 
     </span>
     <span class='ocr_line' id='line_1_30' title="bbox 117 3245 1136 3337; baseline 0.014 -30"><span class='ocrx_word' id='word_1_230' title='bbox 117 3245 214 3323; x_wconf 89' lang='grc' dir='ltr'><strong><em>δενὸς</em></strong></span> <span class='ocrx_word' id='word_1_231' title='bbox 237 3247 450 3332; x_wconf 88' lang='grc' dir='ltr'><strong><em>φεισάμενος,</em></strong></span> <span class='ocrx_word' id='word_1_232' title='bbox 478 3245 561 3312; x_wconf 81' lang='grc' dir='ltr'><strong><em>ἀλλὰ</em></strong></span> <span class='ocrx_word' id='word_1_233' title='bbox 583 3245 671 3330; x_wconf 90' lang='grc' dir='ltr'><strong><em>πάση</em></strong></span> <span class='ocrx_word' id='word_1_234' title='bbox 694 3252 866 3336; x_wconf 77' lang='grc' dir='ltr'><strong><em>φιλοτιμίᾳ</em></strong></span> <span class='ocrx_word' id='word_1_235' title='bbox 893 3249 970 3337; x_wconf 79' lang='grc' dir='ltr'><strong><em>περὶ</em></strong></span> <span class='ocrx_word' id='word_1_236' title='bbox 993 3254 1053 3320; x_wconf 88' lang='grc' dir='ltr'><strong><em>τὸν</em></strong></span> <span class='ocrx_word' id='word_1_237' title='bbox 1075 3264 1136 3320; x_wconf 92' lang='grc' dir='ltr'><strong><em>τοῦ</em></strong></span> 
     </span>
     <span class='ocr_line' id='line_1_31' title="bbox 116 3350 1173 3438; baseline 0.013 -27"><span class='ocrx_word' id='word_1_238' title='bbox 116 3359 200 3438; x_wconf 83' lang='grc' dir='ltr'><strong><em>ναοῦ</em></strong></span> <span class='ocrx_word' id='word_1_239' title='bbox 232 3354 358 3436; x_wconf 85' lang='grc' dir='ltr'><strong><em>κόσμον</em></strong></span> <span class='ocrx_word' id='word_1_240' title='bbox 389 3351 608 3437; x_wconf 87' lang='grc' dir='ltr'><strong><em>χρησάμενος,</em></strong></span> <span class='ocrx_word' id='word_1_241' title='bbox 641 3350 662 3416; x_wconf 78' lang='grc' dir='ltr'><em>δ</em></span> <span class='ocrx_word' id='word_1_242' title='bbox 693 3351 748 3417; x_wconf 85' lang='grc' dir='ltr'><strong><em>καὶ</em></strong></span> <span class='ocrx_word' id='word_1_243' title='bbox 780 3353 964 3437; x_wconf 87' lang='grc' dir='ltr'><strong><em>κατέθηκεν</em></strong></span> <span class='ocrx_word' id='word_1_244' title='bbox 996 3357 1033 3422; x_wconf 86' lang='grc' dir='ltr'><strong><em>ἐν</em></strong></span> <span class='ocrx_word' id='word_1_245' title='bbox 1065 3372 1173 3437; x_wconf 64' lang='grc' dir='ltr'><strong><em>τοῖςθθ</em></strong></span> 
     </span>
    </p>

    <p class='ocr_par' dir='ltr' id='par_1_5' title="bbox 187 3471 561 3541">
     <span class='ocr_line' id='line_1_32' title="bbox 187 3471 561 3541; baseline 0.016 -19"><span class='ocrx_word' id='word_1_246' title='bbox 187 3471 561 3541; x_wconf 75' lang='lat' dir='ltr'>§91=3RegVII.50.</span> 
     </span>
    </p>
   </div>
   <div class='ocr_carea' id='block_1_4' title="bbox 0 0 1204 3840">
    <p class='ocr_par' dir='ltr' id='par_1_6' title="bbox 0 0 1204 3840">
     <span class='ocr_line' id='line_1_33' title="bbox 0 0 1204 3840; baseline 0 2"><span class='ocrx_word' id='word_1_247' title='bbox 0 0 1204 3840; x_wconf 95' lang='lat' dir='ltr'><strong><em> </em></strong></span> 
     </span>
    </p>
   </div>
  </div>
 </body>
</html>
