2400 3840
52 91 57 114 Ι
86 137 152 202 272
456 135 730 188 Αεωολοοεεε

86 298 208 381 διέγνω
241 307 286 386 τῶ
318 308 385 362 τῶν
414 293 626 381 Ἰσραηλιτῶν
657 293 840 382 ἐπιχειρεῖν
872 300 1029 381 βασιλεῖ,
1060 301 1114 362 τὸν

84 403 271 471 Ἐλισσαῖον
295 404 469 486 δεδοικώς,
497 413 651 487 φανερῶς
674 397 712 466 δὲ
734 407 898 486 πολεμεῖν
924 406 1053 491 ἔκρινε,
1075 414 1115 493 τῷ

86 514 209 595 πλήθει
233 520 291 593 τής
313 518 469 594 στρατιαῖς
490 505 546 574 καλ
568 516 608 593 τῇ
631 508 772 592 δυνάμει
793 512 950 593 νομίζων
972 510 1116 596 περιέσε·

88 627 169 684 σθαι
192 628 260 682 τῶν
282 617 459 700 πολεμίων.
499 614 587 698 <61>
600 611 656 679 καὶ
675 615 851 699 στρατεύει
870 618 958 700 μετά
977 619 1116 702 μεγάλης

88 722 260 808 δυνάμεως
287 719 340 787 ἐπὶ
367 712 426 787 τδν
446 718 619 805 Ἰώραμον,
647 718 684 798 ὃς
710 720 772 805 οὐχ
793 720 993 806 ἡγούμενος
1019 727 1134 792 αὑτὸνι

88 828 267 913 ἀξιόμαχον
289 823 376 893 εἶναι
399 838 470 903 τοῖς
492 827 619 911 Σύροις
642 823 964 896 ἐνέκλεισενκαὺτὸν
989 834 1039 910 είς
1061 833 1115 916 τήν

88 936 293 1019 Σαμάρειαν,
312 940 452 1018 θαρρῶν
470 941 510 1017 τη
524 942 592 997 τῶν
605 942 724 1016 τειχῶν
742 932 934 1018 ὀχυρότητι.
974 935 1116 1016 ’Ἁδαδος

89 1038 127 1105 δὲ
149 1039 366 1122 λογισάμενος
389 1040 540 1124 αἱρήσειν
557 1038 619 1120 τήν
636 1040 746 1121 πόλιν,
769 1042 800 1103 εί
818 1037 878 1104 καὶ
897 1043 946 1125 μή
966 1056 1041 1122 τοῖς
1062 1068 1115 1129 μη-

88 1146 276 1229 χανήμασι,
304 1150 389 1232 λιμῷ
426 1142 541 1228 μέντοι
575 1141 631 1208 καὶ
663 1144 781 1209 σπάνει
812 1156 885 1210 τῶν
917 1146 1114 1235 ἐπιτηδείαν

88 1251 359 1337 παραστήσεσθαι
382 1252 461 1327 τοὺς
483 1254 668 1334 Σαμαρεῖς,
694 1252 899 1335 προσβαλὼν
927 1252 1112 1343 ἐπολιόρκει
1123 1269 1142 1308 1⁰

88 1358 150 1440 τήν
172 1361 281 1423 πόλιν.
326 1357 413 1441 <62>
437 1355 524 1422 οὕτω
545 1354 575 1420 δ’
598 1354 729 1422 ἐπέλιπε
749 1357 810 1422 τὸν
823 1354 995 1444 Ἰώραμον
1013 1363 1035 1446 ή
1053 1375 1113 1428 τῶν

90 1464 280 1546 ἀναγκαίων
304 1464 442 1549 εὐπορία
465 1463 511 1538 ὡς
534 1462 590 1527 διδι
610 1462 673 1546 τήν
689 1463 881 1548 ὑπερβολήν
904 1474 969 1550 της
989 1467 1113 1545 ἐνδείας

90 1567 128 1649 ἐν
153 1579 193 1653 τῇ
222 1573 395 1656 Σαμαρείᾳ
422 1574 594 1654 πραθῆναι
626 1569 831 1651 ὀγδοήκοντα
857 1567 923 1654 μὲν
956 1573 1113 1660 άργνρῶν

89 1677 291 1758 νομίσματος
303 1674 452 1758 κεφαλήν
467 1677 560 1758 ὄνου,
572 1673 671 1740 πέντε
685 1672 717 1739 δ’
734 1675 892 1762 άργνρῶν
908 1684 1113 1765 νομίσματος

91 1780 207 1871 ξέστην
232 1783 360 1865 κύπρον
387 1792 590 1868 περιστερῶν
617 1778 692 1847 ἀντὶ
721 1781 812 1847 άλῶν
840 1783 1011 1851 ὠνεῖσθαι
1041 1790 1141 1862 τοὺς15

86 1886 269 1974 Ἑβραίους.
315 1888 412 1971 <63>
440 1882 483 1971 ήν
510 1885 540 1951 δ’
572 1886 608 1952 ἐν
636 1890 730 1976 φόβφ
761 1887 805 1971 μή
835 1887 892 1952 δῖδ
922 1891 986 1955 τὸν
1019 1895 1114 1976 λιμὸν

89 1996 204 2082 προδῷ
222 2019 273 2071 τις
290 2006 361 2071 τοῖς
380 1992 514 2078 ἐχθροῖς
532 1993 594 2077 τήν
613 1996 712 2059 πόλιν
730 1994 749 2059 δ
765 1991 933 2078 Ἰώραμος,
956 1995 1017 2060 καὶ
1036 1994 1110 2062 καθ’

91 2098 231 2182 ἑκάστην
253 2100 379 2186 ἡμέραν
403 2099 633 2185 ἐκπεριήρχετο
655 2101 696 2165 τδι
718 2103 807 2184 τείχη
830 2099 885 2165 καὶ
906 2105 988 2178 τοὺς
1009 2106 1113 2187 φύλα-

90 2227 159 2284 κας,
182 2205 227 2285 μή
249 2228 300 2280 τις
323 2207 422 2269 ἐνδον
441 2211 491 2287 είη
509 2203 586 2290 παρ’
609 2206 720 2271 αὐτῶν
739 2209 970 2290 σκεπτόμενος,
993 2209 1114 2297 καὶτῷ

90 2305 273 2391 βλέπεσθαι
295 2307 350 2371 καὶ
374 2313 563 2392 φροντίζειν
586 2310 833 2397 ἀφαιρούμενος
854 2310 911 2377 καὶ
932 2315 973 2378 τὸ
996 2318 1144 2398 βούλε-ῖθ

91 2415 175 2477 σθαί
195 2436 227 2477 τι
250 2422 382 2478 τοιοῦτο
405 2412 460 2478 καὶ
483 2409 642 2501 τοῦργον,
669 2419 700 2481 εί
721 2420 844 2502 ταύτην
866 2442 917 2496 τις
938 2421 1004 2502 τήν
1028 2425 1114 2505 γνώ-

91 2544 156 2604 μην
178 2520 242 2604 ήδη
266 2521 448 2606 λαμβάνειν
472 2524 630 2606 ἔφθασεν.
676 2524 772 2609 <64>
798 2525 1054 2610 ἀνακραγούσης
1078 2528 1116 2594 δέ

90 2652 181 2706 τινος
208 2631 366 2712 γυναικός
393 2629 552 2696 (δέσποτα
580 2629 742 2714 ἐλέησον,’
774 2634 913 2715 νομίσας
945 2635 1055 2699 αἰτεῖν
1082 2658 1113 2699 τι

92 2736 224 2820 μέλλειν
247 2738 351 2821 αὐτήν
374 2750 441 2804 τῶν
463 2740 546 2821 πρὸς
568 2739 708 2822 τροφήν,
731 2735 902 2822 ὀργισθεὶς
923 2736 1112 2824 ἐπηράσατο

93 2842 174 2928 αὐτη
193 2845 252 2908 τὸν
271 2847 365 2928 θεόν,
383 2841 439 2909 καλ
458 2846 538 2928 μήτε
557 2846 643 2922 άλως
661 2844 750 2933 αὑτῷ
769 2845 848 2927 μήτε
865 2846 987 2925 ληνοὺς
1006 2846 1112 2932 ὑπάρ-
1125 2860 1146 2901 2⁵

91 2971 164 3030 χειν
183 2950 304 3031 ἔλεγεν,
328 2950 410 3014 ὅθεν
428 2973 460 3013 τι
478 2933 533 3014 καλ
551 2951 715 3035 παράσχοι
734 2949 816 3034 αὐτή
835 2946 985 3034 δεομένη.
1023 2951 1112 3036 <65>

92 3062 151 3136 τής
169 3051 200 3118 δ’
222 3053 360 3130 οὐδενὸς
379 3050 440 3138 μὲν
457 3054 588 3138 χρῄζειν
607 3058 763 3139 εἰπούσης
780 3056 918 3138 τούτων,
942 3054 1016 3120 οὐδ’
1040 3057 1112 3124 ἐνο-

91 3166 183 3243 χλεῖν
206 3167 333 3243 τροφῆς
357 3159 462 3242 ἕνεκα,
486 3166 646 3243 κραθῆναι
670 3160 700 3226 δ’
723 3160 877 3244 ἀξιούσης
899 3163 983 3246 πρὸς
1004 3163 1112 3247 άλλην

91 3278 249 3348 γυναῖκα,
280 3266 497 3343 κελεύσαντος
528 3263 638 3348 λέγειν
668 3264 724 3331 καὶ
756 3268 926 3332 διδάσκειν
957 3266 1034 3352 περὶ
1063 3265 1111 3335 ὧν

93 3368 248 3454 ἐπιζητεῖ,
282 3374 453 3453 συνθήκας
481 3373 545 3457 ἐφη
572 3373 776 3455 ποιήσασθαι
803 3375 883 3455 μετά
911 3382 969 3456 τής
997 3371 1111 3458 ἑτέρας
1123 3390 1147 3430 ³⁰

164 3493 512 3563 §61=4Reg.V124.
