2400 3840
85 126 152 192 302
454 124 728 177 ffwaAorm

85 286 254 371 ἀπολέσει,
278 287 390 363 δείσας
413 284 474 350 οὐκ
496 284 663 368 ἀπῆλθεν,
686 280 759 349 ἀλλ’
788 283 1043 372 ἀποδιδράσκει
1063 287 1102 351 τὀι

85 395 170 460 θεὸν
200 395 248 470 είς
272 389 382 476 Ἰόπην
413 392 527 473 πόλιν,
557 387 613 455 καὶ
640 394 760 454 πλοῖον
795 390 916 475 εὑρὼν
946 391 1051 477 ε’μβάς
1075 394 1105 467 είς

91 501 222 585 Ταρσὸν
250 499 340 564 ἔπλει
367 505 425 580 τῆς
451 498 614 572 Κιλικίας.
663 493 773 578 <209>
804 493 1059 583 ἐπιγενομένου
1082 493 1106 562 δὲ

86 616 248 690 χειμῶνος
280 602 511 690 σφοδροτάτου
543 599 599 667 καὶ
630 602 899 680 κινδυνεύοντος
935 607 1108 670 καταδῦνα

86 719 147 778 τοῦ
170 709 330 795 σκάφους,
353 710 388 776 οί
408 705 469 793 μὲν
492 716 612 774 ναῦται
633 705 689 772 καὶ
708 706 726 772 ὁ
745 711 964 794 κυβερνήτης
988 710 1047 776 καὶ
1065 710 1125 774 ωλι

87 818 143 894 τὸς
166 816 184 882 ὁ
207 819 393 902 ναύκληρος
416 814 514 900 εὐχάς
531 812 707 880 ἐποιοῦντο
725 819 975 900 χαριστηρίους
1000 820 1033 882 εί
1052 819 1109 882 δια·

87 923 229 1006 φύγοιεν
255 921 317 1004 τήν
339 922 524 1005 θάλατταν,
551 920 570 988 δ
594 917 625 984 δ’
648 917 760 996 Ἰωνᾶς
787 918 990 1001 ἐγκαλύψας
1019 925 1109 989 αὑτὸν

87 1026 258 1112 ἐβέβλητο,
286 1023 391 1110 μηδὲν
414 1021 462 1092 ὧν
484 1029 563 1104 τοὺς
585 1027 709 1103 ἀλλους
736 1023 823 1109 ἑώρα
852 1038 1048 1108 ποιοῦντας
1068 1054 1110 1114 μι-

86 1133 259 1218 μούμενος.
302 1132 411 1215 (210)
434 1131 593 1212 αὔξοντος
616 1130 647 1197 δ’
674 1135 722 1197 ἐτι
744 1137 873 1216 μᾶλλον
899 1144 968 1200 τοῦ
991 1137 1109 1202 κλύδω

86 1260 145 1315 νος
166 1235 222 1303 καὶ
245 1236 433 1324 βιαιοτέρας
454 1237 635 1324 γενομένης
657 1238 722 1304 ὑπὸ
741 1247 808 1303 τῶν
828 1240 1043 1323 πνευμάτων
1059 1250 1109 1324 της
1118 1260 1133 1303 ιι

86 1345 268 1429 θαλάττης,
296 1345 556 1428 ὑπονοήσαντες,
588 1344 634 1422 ὡς
661 1341 830 1428 ἐνδέχεταί
852 1367 933 1409 τινα
963 1359 1035 1413 τῶν
1062 1347 1109 1431 ε’μ-

86 1455 256 1519 πλεόντων
279 1456 388 1517 αίτιον
409 1450 524 1528 αὐτοῖς
542 1444 629 1516 εἶναι
647 1459 707 1516 τοῦ
725 1460 897 1534 χειμῶνος,
923 1452 1108 1519 συνέθεντο

86 1558 197 1646 κλήρφ
220 1566 340 1623 τοῦτον
364 1557 454 1634 ὅστις
477 1553 550 1624 ποτ’
571 1551 615 1640 ἦν
634 1563 766 1641 μαθεῖν.
806 1556 918 1640 (211)
938 1565 1109 1647 κληρωσα-

87 1659 197 1747 μένων
224 1657 287 1727 οὖν
314 1663 332 1729 ὁ
360 1665 532 1750 προφήτης
559 1663 725 1747 λαγχάνει.
770 1663 1050 1748 πυνθανομένων
1076 1661 1109 1729 δὲ

86 1770 195 1835 πόθεν
217 1765 245 1835 τ’
272 1774 323 1852 είη
350 1766 406 1835 καὶ
427 1773 463 1836 τί
483 1767 686 1855 μετέρχεται,
713 1769 751 1834 τὸ
779 1766 840 1853 μὲν
866 1767 971 1851 γένος
1001 1774 1108 1854 ἔλεγεν
1119 1789 1136 1832 ιι

64 1872 236 1963 ,Ἑβραῖος
258 1871 355 1961 εἶναι,
377 1877 549 1962 προφήτης
572 1871 610 1941 δέ
631 1884 692 1941 τοῦ
711 1878 867 1960 μεγίστου
890 1881 990 1942 θεοῦ.
1035 1895 1108 1944 συν-

88 1985 286 2066 εβούλευσεν
318 1977 380 2049 οὖν
412 1983 539 2066 αὐτοῖς,
572 1983 603 2046 εί
633 1979 795 2047 θέλουσιν
826 1979 1021 2066 ἀποδράναι
1052 1986 1107 2049 τὸν

87 2091 235 2174 παρόντα
266 2091 442 2173 κίνδυνον,
479 2088 631 2173 ἐκβαλεῖν
664 2088 766 2153 αὐτὸν
800 2089 847 2163 είς
878 2088 916 2151 τὸ
949 2087 1106 2171 πέλαγος·

88 2200 196 2258 αῖτιον
215 2196 278 2279 γάρ
297 2182 411 2270 αὐτοῖς
430 2188 516 2258 εἶναι
533 2202 595 2258 τοῦ
612 2205 782 2278 χειμῶνος.
823 2193 934 2276 <212>
958 2197 997 2258 οἳ
1017 2194 1055 2261 δὲ
1073 2197 1106 2260 τὸ

87 2295 148 2382 μὲν
160 2308 294 2382 πρῶτον
308 2297 369 2362 οὐκ
384 2297 541 2382 ἐτόλμων,
558 2301 731 2384 κρίνοντες
745 2298 892 2385 ἀσέβημα
907 2293 996 2365 εἶναι
1012 2300 1138 2381 ξένονιι

87 2405 270 2489 ἄνθρωπον
288 2401 343 2469 καὶ
361 2406 599 2469 πεπιστευκότα
618 2403 733 2482 αὐτοῖς
753 2409 791 2473 τὸ
811 2409 868 2490 ζήν
887 2407 935 2482 είς
954 2410 1108 2495 φανεράν

87 2509 193 2588 οὕτως
211 2509 377 2578 ἀπώλειαν
395 2508 540 2597 ἐκρῖψαι·
561 2516 753 2576 τελευταίου
771 2511 802 2576 δ’
822 2512 1107 2598 ὑπερβιαζομένου

87 2627 147 2684 τοῦ
170 2627 274 2685 κακοῦ
296 2616 351 2685 καὶ
379 2619 460 2685 ὅσον
483 2618 574 2685 οὔπω
603 2615 781 2702 μέλλοντος
806 2621 1024 2703 βαπτίζεσθαι
1048 2629 1106 2684 τοῦ

89 2727 252 2810 σκάφους,
278 2728 343 2793 ὑπό
366 2751 401 2792 τε
423 2735 484 2792 τοῦ
506 2726 680 2811 προφήτου
705 2721 978 2810 παρορμηθέντες
1001 2725 1106 2791 αὐτοῦ

87 2833 142 2897 καὶ
174 2834 239 2899 ὑπὸ
271 2841 331 2898 τοῦ
364 2830 462 2910 δέους
493 2840 552 2897 τοῦ
583 2828 660 2917 περὶ
692 2839 750 2914 τῆς
781 2827 908 2895 ἑαυτῶν
941 2834 1107 2916 σωτηρίας
1119 2850 1140 2890 τι

88 2938 264 3024 ῥίπτουσιν
287 2938 389 3005 αὐτὸν
412 2941 460 3014 είς
482 2937 543 3020 τήν
565 2937 744 3002 θάλατταν.
790 2935 900 3019 <213>
921 2933 977 3000 καὶ
1003 2937 1021 3003 ὁ
1044 2934 1105 3020 μὲν

87 3046 211 3128 χειμὼν
239 3043 372 3129 ἐστάλη,
401 3043 461 3107 τὸν
488 3039 526 3107 δὲ
553 3045 652 3125 λόγος
678 3044 743 3109 ὑπὸ
773 3050 833 3108 τού
860 3043 981 3124 κήτους
1009 3067 1106 3108 κατα-

88 3149 237 3216 ποθέντα
266 3160 354 3236 τρεῖς
382 3145 505 3233 ἡμέρας
533 3145 589 3213 καὶ
619 3150 781 3225 τοσαύτας
812 3148 933 3224 νύκτας
965 3150 1014 3225 είς
1046 3150 1105 3214 τὸν

87 3245 251 3335 Εὔξεινον
278 3254 504 3339 ἐκβρασθῆναι
530 3256 669 3337 πόντον,
698 3257 801 3332 ζῶντα
829 3252 883 3318 καὶ
911 3250 1016 3337 μηδὲν
1045 3265 1104 3321 τοῦ

88 3363 237 3445 σώματος
259 3357 499 3444 λελωβημένον.
544 3360 653 3443 <214>
677 3362 761 3425 ἔνθα
783 3367 843 3423 τοῦ
862 3365 946 3424 θεοῦ
969 3359 1142 3443 δεηθεὶςν

159 3487 241 3546 ειοο
260 3509 294 3530 =
313 3481 436 3548 ωιτη.
