2400 3840
495 151 648 202 ΕΒΔΟΜΗ
1016 150 1080 214 13λ

58 311 188 393 ἔφησεν
216 305 301 374 εἶναι
328 315 387 375 καί
412 335 443 375 τι
471 323 538 384 τῶν
566 312 728 377 εὐκταίων
756 313 844 400 αὐτῶ
873 311 989 398 φέρειν
1017 313 1081 378 άπὸ

57 425 120 499 της
154 416 267 500 μάχης.
319 417 428 501 <250>
458 416 513 482 καὶ
545 418 666 502 μεταξὺ
698 427 801 484 ταῦτα
835 417 989 502 λέγοντος
1022 429 1116 488 τοῦσ

59 522 224 607 βασιλέως
246 521 365 608 φανεὶς
388 524 406 589 δ
428 522 559 609 Ἀχιμδις
579 537 762 611 προσκυνεῖ
779 527 838 591 τὸν
857 524 1004 609 βασιλέα,
1027 523 1082 589 καὶ

60 628 245 719 πυθομένῳ
265 628 340 716 περὶ
359 640 418 713 τῆς
436 631 541 715 μάχης
559 635 657 715 νίκην
676 630 917 713 εὐαγγελίζεται
936 629 990 695 καὶ
1004 631 1082 717 κρά-

33 759 127 812 ετος.
175 734 335 822 ἐρομένου
365 733 396 800 δ’
422 742 456 800 εί
474 761 505 801 τι
528 735 584 802 καὶ
610 736 686 823 περὶ
713 746 773 803 τοῦ
796 738 915 814 παιδὸς
938 739 1007 821 ἔχοι
1031 737 1083 803 λέ-

61 866 151 926 γειν,
180 841 279 919 αὐτὸς
306 839 368 927 μὲν
396 845 540 926 ἔφασκεν
568 843 672 921 εὐθὺς
693 841 843 930 ζδρμησαι
869 846 953 930 πρὸς
980 844 1083 911 αὐτὸν

61 928 120 1033 τ’ῆς
144 959 268 1033 τροπης
290 959 358 1014 τῶν
380 953 548 1033 πολεμίων
576 948 771 1034 γενομένης,
799 950 938 1015 άκοῦσαι
967 946 1003 1016 δὲ
1027 974 1082 1034 με-

61 1056 166 1138 γάλης
198 1058 279 1139 βοῆς
311 1056 502 1121 διωκόντων
531 1058 590 1121 τὸν
618 1053 860 1141 Ἀβεσάλωμον,
892 1056 947 1122 καὶ
979 1056 1082 1123 πλέον

61 1163 185 1226 τούτου
212 1162 255 1245 μὴ
290 1168 414 1245 μαθεῖν
441 1163 608 1227 δύνασθαι
637 1164 693 1227 διά
725 1165 762 1228 τὸ
794 1161 991 1249 πεμφθέντα
1021 1162 1079 1230 ὑπ’

20 1294 47 1333 10
58 1266 198 1351 Ἰωάβου
222 1270 369 1351 δηλῶσαι
392 1269 453 1352 τὴν
475 1274 574 1354 νίκην
598 1269 798 1353 ἐπείγεσθαι.
845 1271 955 1354 <251>
977 1294 1082 1357 παρα-

61 1372 245 1458 γενομένου
269 1371 307 1440 δὲ
333 1384 393 1440 τοῦ
417 1373 523 1441 Χουσὶ
546 1375 601 1442 καὶ
624 1378 917 1463 προσκυνήσαντος
943 1374 997 1440 καὶ
1021 1378 1082 1458 τὴν

60 1484 160 1563 νίκην
183 1483 406 1566 σημήναντος,
433 1481 509 1569 περὶ
536 1492 596 1548 τοῦ
626 1485 746 1560 παιδὸς
773 1482 875 1548 αὐτὸν
899 1481 1082 1566 ἀνέκρινεν.

61 1587 79 1652 ὃ
105 1585 136 1651 δ’
163 1587 327 1674 “έχθροῖς’
352 1584 422 1653 εἶπε
446 1589 528 1666 κοῖς
551 1602 623 1667 σοῖς
646 1581 701 1654 οἷα
724 1588 931 1674 συμβέβηκεν
950 1588 1082 1675 Ἀβεσα-

61 1695 160 1783 λώμφ
180 1693 331 1777 γένοιτο.’
374 1695 483 1780 <252>
502 1690 599 1773 οὗτος
622 1696 640 1762 ὁ
664 1699 763 1779 λόγος
783 1693 863 1761 οὐδὲ
885 1696 947 1779 τὴν
966 1694 1018 1760 ἐπὶ
1042 1705 1081 1781 τη

19 1823 46 1863 15
61 1803 139 1884 νίκη
166 1801 273 1887 χαρὰν
301 1807 412 1866 είοισεν
439 1800 510 1867 οὔτ’
537 1802 625 1888 αὐτῷ
653 1814 764 1887 μεῖναι
792 1805 949 1886 μεγίστην
977 1796 1082 1866 οὖσαν

61 1907 140 1971 οὔτε
158 1919 229 1983 τοῖς
252 1909 474 1994 στρατιώταις.
520 1908 619 1984 αὐτὸς
649 1903 710 1991 μέν
733 1908 796 1993 γδιρ
819 1907 945 1991 ἀναβάς
968 1905 1020 1971 ἐπὶ
1043 1910 1080 1972 τὸ

60 2015 273 2096 ὑψηλότατον
299 2022 358 2098 τῆς
384 2017 512 2092 πόλεως
535 2014 725 2080 ἀνεκλαίετο
753 2016 813 2079 τὸν
840 2015 931 2097 υίόν,
962 2016 1081 2079 τυπτό-
1143 2025 1151 2040 ’

61 2143 162 2206 μενος
189 2121 229 2185 τά
258 2120 377 2207 στέρνα
404 2119 460 2187 καὶ
483 2122 544 2205 τὴν
566 2121 716 2205 κεφαλὴν
739 2123 1004 2207 σπαραττόμενος
1025 2118 1081 2185 καὶ

60 2230 228 2304 παντοίως
251 2228 354 2293 αὑτὸν
372 2231 586 2314 αἰκιζόμενος,
608 2225 664 2293 καὶ
684 2227 824 2295 ’τέκνον
843 2227 980 2312 έκβοῶν,
999 2226 1078 2293 εεἴθ’

19 2355 48 2396 ιο
62 2330 137 2417 ἐμοὶ
160 2334 219 2398 τὸν
237 2334 388 2398 θάνατον
408 2333 564 2400 ἐπελθεῖν
583 2333 712 2419 ἐγένετο
730 2332 786 2400 καὶ
810 2336 876 2419 ἅμα
895 2352 948 2401 σοι
971 2341 1082 2400 τελευ-

61 2438 186 2522 τῆσαι·’
219 2441 318 2523 φύσει
349 2434 412 2527 γάρ
443 2443 491 2507 ὢν
518 2444 740 2528 φιλόστοργος
766 2443 850 2528 πρὸς
877 2440 1006 2508 ἐκεῖνον
1034 2445 1082 2507 ἔτι

62 2550 191 2630 μᾶλλον
218 2552 403 2631 συμπαθῶς
431 2542 527 2631 εἶχεν.
578 2547 731 2632 <253>η
760 2548 896 2633 στρατιὰ
924 2544 961 2612 δέ
983 2547 1038 2613 καὶ
1063 2548 1080 2614 ὁ

59 2650 205 2736 Ἰώαβος,
228 2652 429 2730 ἀκούσαντες
447 2654 497 2718 ότι
516 2660 638 2719 πενθεῖ
654 2654 713 2717 τὸν
731 2653 809 2717 υίὸν
827 2652 933 2727 οὕτως
951 2652 969 2717 δ
988 2657 1081 2735 βασι-

62 2761 151 2842 λεύς,
173 2757 392 2844 ᾐσχύνθησαν
410 2761 491 2845 μετδι
513 2769 573 2824 τοῦ
591 2769 659 2824 τῶν
677 2759 899 2839 νενικηκότων
917 2749 1096 2842 σχήματος

20 2886 48 2926 ω
62 2868 231 2931 εἰσελθεῖν
250 2869 297 2943 είς
319 2866 381 2949 τὴν
398 2869 508 2950 πόλιν,
530 2876 689 2949 κατηφεῖς
711 2859 749 2928 δὲ
766 2861 822 2928 καὶ
842 2862 1081 2949 δεδακρυμένοι

61 2971 184 3047 πάντες
208 2971 252 3048 ὡς
276 2969 334 3056 ἀφ’
360 2972 459 3055 ἥττης
487 2977 673 3058 παρῆλθον.
719 2970 828 3054 <254>
851 2976 1080 3048 κατακαλυψα-

62 3077 167 3162 μένου
191 3074 229 3142 δδ
251 3087 312 3142 τοῦ
331 3077 492 3161 βασιλέως
510 3075 565 3142 καί
585 3076 759 3154 στένοντος
776 3077 836 3141 τὸν
854 3077 941 3158 υίόν,
965 3081 1082 3141 εῖσεισι

61 3186 147 3270 πρὸς
170 3185 274 3249 αὐτὸν
293 3182 437 3268 Ἰώαβος,
459 3181 514 3248 καὶ
537 3195 737 3270 παρηγορῶν
756 3180 794 3248 “ὦ
815 3182 968 3247 δέσποτα
988 3187 1081 3267 φησί,

62 3290 258 3367 ςλανθάνεις
281 3291 471 3374 διαβάλλων
489 3293 613 3355 σαυτὸν
632 3281 686 3354 οία
706 3302 822 3372 ποιεῖς,
846 3290 896 3355 ὅτι
919 3291 997 3366 τοὺς
1020 3286 1082 3373 μέν

21 3416 49 3456 ⁸0
63 3396 260 3479 ἀγαπῶντάς
284 3413 321 3461 σε
343 3394 398 3461 καὶ
421 3395 496 3482 περὶ
518 3405 580 3461 σοῦ
598 3397 856 3472 κινδυνεύοντας
878 3392 934 3459 καὶ
957 3398 1082 3462 σαυτὸν

137 3524 220 3584 ςωο
241 3545 274 3565 =
294 3524 310 3572 ε
329 3518 398 3587 Reg.
418 3517 509 3574 ενοι
523 3523 566 3574 τε.
