2400 3840
504 133 656 184 ΕΒΔΟΜΗ
1023 131 1086 197 159

137 291 246 374 <351>
271 289 508 376 διαλεγομένης
535 290 565 357 δ’
592 294 640 358 έτι
662 301 721 377 τής
745 296 903 377 γυναικὸς
928 295 1122 378 ήγγειλανσ

66 399 103 462 οί
129 406 188 462 τοῦ
220 398 388 481 δωματίου
420 410 623 485 προεστῶτες
655 399 706 464 ὅτι
738 401 891 484 βούλεται
922 401 1087 477 Ναθάνας

67 505 156 569 ίδείν
174 503 286 569 αὐτόν.
323 513 384 570 τοῦ
399 501 436 570 δὲ
453 503 615 589 βασιλέως
638 504 850 585 εἰσδέξασθαι
869 506 1086 584 κελεύσαντος

66 612 242 693 εἰσελθών,
266 613 296 674 εί
318 612 463 697 σήμερον
483 609 667 690 ἀποδείξειε
690 615 749 678 τὸν
764 611 926 679 Ἀδωνίαν
949 610 1085 697 βασιλέα

36 714 122 781 τκαί
145 718 310 802 παραδοίη
328 718 390 801 τήν
409 718 524 805 άρχήν,
548 717 764 785 ἐπυνθάνετο.
807 720 915 803 <352>
934 722 1085 805 λαμπρὸν

64 825 129 909 γάρ
157 822 260 889 αὐτὸν
286 826 471 907 ποιήσαντα
501 827 639 891 δείπνου
664 824 858 909 κεκληκέναι
883 829 962 903 τούς
989 825 1085 902 υἱοὺς

65 930 171 994 αὐτοῦ
198 929 323 1008 πάντας
349 928 452 1016 χωρὶς
478 936 695 1015 Σολομῶνος,
727 929 782 996 καλ
812 934 871 997 τὸν
900 934 1100 1018 στρατηγὸν.

62 1034 210 1121 Ἰώαβον,
234 1039 269 1101 οἳ
289 1039 370 1121 μετά
392 1039 514 1123 κρότου
536 1035 592 1103 καλ
610 1039 745 1116 παιδιάς
763 1037 986 1123 εὐωχούμενοι
1005 1042 1084 1103 πολ-

65 1148 126 1226 λῆς
144 1142 283 1208 αἰώνιον
302 1142 390 1231 αύτῷ
410 1143 627 1228 συνεύχονται
647 1145 709 1228 τήν
726 1144 919 1229 ἡγεμονίαν·
940 1142 1084 1209 ’ἐκάλεσε

26 1268 52 1307 10
66 1245 97 1311 δ’
124 1245 194 1312 οὔτ’
221 1245 278 1332 ἐμὲ
301 1249 377 1314 οὔτε
399 1252 460 1314 τὸν
480 1248 633 1336 ἀρχιερέα
651 1251 815 1317 Σάδωκον
839 1251 915 1316 οὔτε
934 1252 1084 1315 Βαναίαν

64 1357 126 1420 τὸν
149 1351 202 1418 ἐπὶ
224 1365 293 1420 τών
311 1356 624 1440 σωματοφυλάκωνῖ
667 1358 798 1423 δίκαιον
822 1353 852 1422 δ’
875 1352 960 1422 εῖναι
980 1363 1084 1420 ταῦτα

65 1462 243 1542 γινώσκειν
267 1461 426 1545 ἅπαντας,
454 1464 485 1527 εί
506 1465 588 1528 κατά
610 1464 672 1547 τήν
699 1464 762 1547 σήν
785 1464 921 1547 γνώμην
944 1460 1083 1543 ἐγένετο.

65 1568 176 1651 <353>
199 1576 302 1634 ταῦτα
324 1577 385 1634 τοῦ
410 1570 555 1634 Ναθάνα
580 1572 764 1654 φήσαντος,
792 1570 809 1635 δ
837 1571 993 1654 βασιλεὺς
1016 1564 1083 1632 έκέ-

65 1679 163 1738 λευσε
181 1671 317 1739 καλέσαι
334 1675 396 1758 τήν
415 1676 607 1762 Βεερσαβήν
625 1677 708 1762 πρὸς
727 1676 842 1740 αὑτόν·
867 1674 1082 1758 ἐκπεπηδήκει

24 1798 50 1838 15
64 1781 129 1865 γὰρ
158 1779 193 1844 έκ
220 1788 280 1845 τοῦ
313 1782 480 1866 δωματίου
511 1790 572 1847 τοῦ
601 1783 775 1867 προφήτου
802 1776 1083 1866 παραγενομένου.

64 1894 124 1969 τής
147 1881 185 1950 δὲ
207 1889 365 1969 γυναικὸς
389 1886 553 1971 ἐλθούσης
576 1887 714 1972 ξὄμνυμί
739 1885 805 1951 σοι’
828 1889 914 1969 φησί
935 1885 1005 1949 ’τὸν
1028 1881 1083 1968 μέ-

66 2007 182 2073 γιστον
205 1995 298 2076 θεόν,
321 1986 341 2075 ή
365 1993 513 2077 μήντὸν
536 1994 613 2058 υίόν
636 2009 698 2057 σου
721 1997 908 2075 Σολομῶνα
931 1992 1084 2074 βασιλεύ-

65 2114 150 2182 σειν,
173 2098 218 2176 ώς
240 2096 295 2162 καί
318 2102 481 2186 πρότερον
504 2101 631 2183 ώμοσα,
658 2096 714 2164 καὶ
736 2107 857 2163 τοῦτον
880 2094 934 2163 έπλ
958 2095 1084 2181 τούμοῦ

64 2205 286 2269 καθεδεῖσθαι
309 2208 450 2291 θρόνου,
472 2203 527 2271 καὶ
547 2203 636 2272 τοῦτ’
659 2208 749 2271 ἔσται
767 2203 933 2292 σήμερον.’
973 2203 1083 2288 <354>

25 2329 52 2367 20
66 2311 342 2396 προσκυνησάσης
365 2309 395 2376 δ’
417 2311 520 2379 αὐτὸν
542 2321 602 2396 τῆς
623 2314 781 2396 γυναικὸς
803 2309 858 2378 καὶ
882 2314 1009 2398 μακρὸν
1031 2310 1084 2376 εύ-

67 2413 208 2500 ξαμένης
229 2417 318 2504 αὐτῷ
337 2421 423 2503 βίον,
446 2418 612 2485 Σάδωκον
630 2417 871 2505 μεταπέμπεται
893 2421 954 2485 τὸν
976 2418 1084 2504 άρχιε-

66 2521 126 2608 ρέα
153 2521 216 2588 καὶΙ
237 2527 388 2589 Βαναίαν
417 2526 477 2589 τὸν
509 2522 562 2590 ἐπὶ
591 2536 659 2591 τῶν
691 2526 998 2609 σωματοφυλάκων,
1028 2523 1084 2590 καὶ

66 2629 349 2714 παραγενομένοις
376 2631 501 2696 κελεύει
527 2634 733 2716 παραλαβεῖν
761 2631 929 2695 Ναθάυαν
960 2653 995 2694 τε
1025 2631 1085 2695 τὸν

66 2738 243 2821 προφήτην
269 2733 324 2801 καί
351 2739 429 2812 τοὺς
451 2733 527 2822 περὶ
553 2736 614 2818 τήν
637 2736 744 2819 αὐλήν
767 2735 902 2811 ὁπλίτας
927 2735 1085 2817 ἅπαντας,

24 2858 51 2899 25
66 2842 176 2924 (355)
203 2840 259 2907 καλ
286 2841 552 2927 ἀναβιβάσαντας
579 2844 639 2908 τὸν
665 2843 743 2908 υίὸν
770 2841 873 2907 αὐτοῦ
897 2845 1084 2924 Σολομῶνα

65 2945 120 3012 ἐπὶ
148 2949 210 3032 τήν
241 2949 417 3032 βασιλικήν
448 2946 589 3032 ἡμίονον
621 2948 682 3027 ἔξω
709 2956 767 3032 τῆς
793 2950 920 3025 πόλεως
946 2947 1084 3029 άγαγείν

65 3051 119 3118 ἐπὶ
138 3054 200 3137 τήν
218 3055 328 3138 πηγήν
345 3055 407 3138 τήν
425 3051 608 3137 λεγομένην
626 3055 733 3139 Ρηών,
756 3051 812 3119 καλ
830 3056 1083 3140 περιχρίσαντας

64 3162 103 3224 τὸ
127 3160 225 3242 άγιον
248 3163 360 3226 έλαιον
383 3157 554 3238 ἀποδείξαι
577 3159 723 3244 βασιλέα.
768 3169 865 3226 τοῦτο
890 3156 927 3224 δὲ
947 3166 1082 3241 ποιήσαι

64 3263 244 3351 προσέταξε
273 3266 437 3330 Σάδωκον
468 3268 528 3331 τὸν
560 3265 712 3352 ἀρχιερέα
743 3265 798 3330 καὶ
826 3265 994 3330 Ναθάυαν
1024 3265 1083 3329 τὸν

22 3390 50 3428 ³0
64 3374 252 3458 προφήτην,
267 3372 376 3455 <356>
387 3370 659 3449 ἀκολουθοῦντάς
673 3395 707 3436 τε
721 3370 899 3458 προσέταξε
913 3373 969 3436 διά
983 3369 1083 3455 μέσης

139 3493 486 3562 5351=3Reg.122.
