2400 3840
97 160 142 226 54
468 163 741 214 ΔΡΧΑΙΟΛΟΓΙΑΣ

98 320 181 402 λέως
200 320 337 390 οἰκετῶν
355 322 410 389 καὶ
429 327 575 409 φανερὸς
595 324 682 412 αὐτῷ
707 327 893 407 γενόμενος,
918 327 1116 406 μηνυόντων

97 430 234 496 ἐκείνων
252 432 302 496 ὅτι
317 432 468 513 Δαυίδης
487 431 505 496 δ
523 432 647 506 πολλὰς
666 430 860 506 ἀποκτείνας
877 435 1115 495 Παλαιστίνων

97 537 263 622 μυριάδας
286 543 346 620 εἴη,
370 538 482 613 δείσας
500 537 544 620 μή
563 538 645 622 πρὸς
663 537 766 601 αὐτοῦ
785 537 875 620 θάνη
893 534 948 599 καὶ
967 539 1025 600 τὸν
1044 540 1114 600 κίν-

96 644 202 709 δυνον
221 643 260 708 ὃν
280 640 417 725 ἐξέφυγε
436 642 524 726 παρά
539 642 696 707 Σαούλου
715 640 793 727 παρ’
816 640 944 706 ἐκείνου
963 643 1114 728 πειράσῃ,

96 761 323 834 προσποιεῖται
347 751 470 832 μανίαν
492 744 547 812 καὶ
571 749 711 830 λύσσαν,
740 748 784 824 ὡς
812 748 922 833 άφρὸν
948 751 1030 813 κατά
1053 757 1141 812 τοῦτ

97 858 257 939 στόματος
280 855 383 920 αὐτοῦ
406 857 593 939 φερόμενον
611 851 666 919 καὶ
685 849 787 919 τᾶλλα
807 852 837 917 δ’
861 855 921 919 ὅσα
940 858 1113 936 συνίστησι

96 964 220 1044 μανίαν
241 964 354 1025 πίστιν
376 961 465 1047 παρά
488 970 532 1049 τῷ
555 972 623 1026 τῶν
648 963 775 1026 Γιττῶν
803 965 934 1045 βασιλεῖ
955 959 1114 1042 γενέσθαι

96 1075 154 1148 τῆς
178 1069 290 1131 νόσου.
338 1067 447 1152 <246>
473 1066 529 1132 καὶ
557 1079 627 1144 τοῖς
653 1067 795 1144 οἰκέταις
822 1066 1115 1152 προσδυσχεράνας

96 1173 142 1249 ὡς
165 1174 311 1258 ἔκφρονα
334 1174 417 1259 πρὸς
440 1173 542 1239 αὐτὸν
565 1173 721 1256 ἀγάγοιεν
744 1175 940 1258 ἄνθρωπον,
965 1171 1114 1237 ἐκέλευσε

96 1281 157 1376 τόν
179 1280 335 1363 Δαυίδην
358 1279 403 1356 ὡς
425 1279 523 1363 τάχος
547 1278 727 1363 ἐκβάλλειν.
1130 1301 1155 1338 ιο

61 1402 77 1451 ³
164 1385 273 1469 <247>
296 1383 476 1462 διασωθεὶς
504 1383 534 1449 δ’
561 1385 666 1461 ούτως
694 1384 729 1449 ἐκ
752 1394 810 1468 τῆς
834 1387 951 1467 Γίττης
979 1388 1026 1461 είς
1052 1387 1115 1467 τὴν

93 1488 202 1557 Ἰούδα
220 1496 436 1577 παραγίνεται
460 1492 581 1575 φυλήν,
604 1489 659 1555 καὶ
684 1489 720 1555 ἐν
743 1500 788 1578 τῷ
809 1492 891 1575 πρὸς
907 1487 1114 1575 ’Λδουλλάμη

96 1599 190 1662 πόλει
214 1599 362 1684 σπηλαίῳ
387 1597 568 1681 διατρίβων
589 1595 708 1680 πέμπει
731 1598 814 1680 πρὸςΙ
837 1598 914 1672 τοὺς
937 1596 1114 1679 ἀδελφούς,

97 1704 208 1785 δηλῶν
231 1702 345 1779 αὐτοῖς
367 1705 452 1768 ε”νθα
476 1709 535 1786 είη.
581 1706 617 1768 οἳ
637 1700 674 1768 δὲ
697 1704 777 1786 μετὰ
795 1703 900 1784 πάσης
920 1707 1115 1785 συγγενείας

97 1804 180 1894 ήκον
202 1811 285 1896 πρὸς
307 1809 420 1893 αὐτόν,
442 1808 498 1874 καὶ
520 1820 588 1875 τῶν
610 1811 721 1874 άλλων
744 1805 775 1872 δ’
802 1809 893 1884 ὅσοις
915 1806 934 1890 ή
956 1812 1048 1892 χρεία
1072 1805 1115 1892 ήν
1131 1831 1155 1869 15

98 1915 119 2000 ή
142 1920 248 2002 φόβος
271 1914 306 1980 ἐκ
329 1917 487 1982 Σαούλου
511 1924 570 1980 τοῦ
589 1914 759 2000 βασιλέως,
783 1915 1014 2000 συνερρύησαν
1032 1916 1116 1997 πρὸς

98 2022 215 2105 αὐτόν,
243 2019 299 2087 καὶ
326 2034 436 2088 ποιεῖν
462 2023 503 2086 τὰ
530 2021 644 2110 ἐκείνω
673 2022 836 2086 δοκοῦντα
864 2019 1000 2103 ἑτοίμως
1028 2023 1116 2104 ἔχειν

99 2129 222 2208 ἔλεγον.
260 2126 413 2207 ε’γένοντο
431 2125 461 2190 δ’
478 2128 513 2190 ολ
529 2127 649 2202 πάντες
663 2125 740 2191 ὡσεί
755 2129 968 2212 τετρακόσιοι.
1005 2127 1115 2211 <248>

98 2232 272 2316 θαρρήσας
300 2228 331 2294 δ’
360 2231 404 2307 ὡς
430 2229 486 2294 καλ
512 2233 623 2327 χειρὸς
649 2231 738 2319 αὐτῷ
764 2230 818 2296 καὶ
847 2236 1024 2316 συνεργίας
1050 2234 1115 2315 ήδη

98 2334 413 2421 προσγεγενημένης,
437 2335 565 2419 άπάρας
588 2335 718 2401 ἐκεῖθεν
741 2336 928 2419 ἀφικνεῖται
952 2341 1034 2424 πρὸς
1056 2341 1116 2404 τὸν
1131 2360 1157 2398 ιο

97 2452 166 2507 τῶν
184 2445 377 2525 Μωαβιτῶν
398 2430 545 2524 βασιλέα,
568 2438 623 2505 καὶ
642 2443 720 2517 τοὺς
738 2450 847 2523 γονεῖς
866 2443 969 2507 αὐτοῦ
989 2446 1036 2519 είς
1054 2445 1116 2526 τήν

98 2548 203 2614 αὑτοῦ
226 2549 338 2633 χώραν
360 2545 637 2632 προσδεξάμενον,
660 2547 722 2624 ἕως
744 2547 786 2613 άν
808 2558 878 2637 γνῷ
901 2551 938 2614 τὸ
961 2548 1031 2614 κατ’
1058 2551 1117 2614 αύ-

98 2657 158 2720 τδν
188 2653 282 2731 τέλος
315 2656 402 2738 ἔχειν
429 2654 614 2739 παρεκάλει.
659 2657 922 2731 κατανεύσαντος
952 2653 981 2718 δ’
1012 2656 1116 2720 αὐτοῦ

99 2764 160 2845 τήν
183 2761 291 2847 χάριν,
314 2760 369 2826 καὶ
392 2762 499 2845 πάσης
521 2765 599 2839 τούς
622 2775 733 2844 γονεῖς
755 2772 815 2827 τοῦ
833 2763 986 2826 Δαυίδου
1009 2772 1116 2845 τιμῆς,

99 2867 177 2955 παρ’
211 2866 251 2933 ὃν
289 2866 470 2951 έτύγχανον
503 2865 581 2951 παρ’
617 2868 705 2954 αὐτῷ
741 2870 878 2953 χρόνον,
915 2867 1117 2946 ἀξιώσαντος
1131 2887 1156 2927 ιι

64 2976 218 3058 4<249>
246 2974 359 3056 αὐτός,
392 2981 452 3037 τοῦ
480 2974 653 3057 προφήτου
680 2974 896 3050 κελεύσαντος
924 2974 1026 3038 αὐτὸν
1056 2976 1118 3058 τήν

101 3079 162 3164 μὲν
186 3081 325 3166 ἐρημίαν
349 3077 510 3160 ἐκλιπεῖν,
533 3077 742 3163 πορευθέντα
765 3075 796 3142 δ’
823 3081 870 3155 είς
892 3080 953 3162 τήν
976 3085 1117 3164 κληρου-

101 3189 179 3270 χίαν
202 3197 259 3271 τῆς
279 3184 387 3251 Ἰούδα
410 3190 519 3268 φυλῆς
543 3183 579 3248 ἐν
603 3184 686 3269 αύτή
710 3184 849 3267 διάγειν,
872 3190 1038 3269 πείθεται,
1061 3186 1116 3251 καὶ

101 3297 368 3378 παραγενόμενος
402 3293 450 3367 είς
482 3290 599 3374 Σάρην
634 3292 733 3354 πόλιν
771 3289 807 3354 ἐν
839 3291 920 3376 αὐτῇ
953 3291 1117 3376 κατέμενε.

101 3396 210 3479 <250>
235 3400 389 3474 Σάουλος
412 3394 443 3461 δ’
469 3395 612 3472 ἀκούσας
640 3396 689 3460 ὅτι
713 3397 792 3479 μετά
815 3399 967 3480 πλήθους
992 3398 1116 3482 ὀφθείη
1132 3417 1159 3457 εο

166 3517 580 3588 §24521Reg.XX110.
