2400 3840
85 130 151 194 248
456 127 731 182 ΑΡΧΔῙΟΔΟΓΙΔΣ

84 289 247 375 ἀγασθεὶς
270 289 323 357 ἐπὶ
346 300 385 377 τῇ
404 286 544 377 δευτέρᾳ
561 289 720 375 πρεσβεία
737 295 799 352 τοῦ
817 299 891 354 τῶν
911 290 1043 376 Σύρων
1060 292 1108 372 βα·
1139 244 1140 248 ¹

85 397 215 482 σιλέως,
237 398 437 479 συναγαγὼν
460 396 507 474 είς
530 393 705 477 ἐκκλησίαν
722 395 761 458 τὸ
779 398 920 478 πλῆθος
940 397 1057 479 ἔλεγεν
1073 395 1110 470 ὡς
1140 390 1142 457 ]

86 504 187 581 αὐτὸς
217 499 280 589 μὲν
311 500 449 586 ἑτοίμως
481 495 569 585 εἶχεν
599 495 684 586 ὑπὲρ
716 503 887 585 σωτηρίας
917 501 1037 567 αὐτῶν
1064 498 1111 566 καὶ

87 610 221 694 εἰρήνης
247 605 303 673 καί
328 617 489 691 γυναῖκας
510 605 569 682 τὰς
592 604 680 681 ίδίας
700 602 872 691 προέσθαι
895 614 947 694 τῷ
970 609 1110 694 πολεμίφ

86 711 142 778 καὶ
164 714 204 777 τὰ
226 711 335 796 τέκνα,
357 709 413 778 καλ
435 710 543 794 πάσης
564 717 802 796 παραχωρῆσαι
819 712 991 794 κτήσεως·
1016 721 1128 777 ταῦται

87 820 150 904 γάρ
179 817 338 903 ἐπιζητῶν
365 815 605 902 ἐπρεσβεύσατο
633 825 767 901 πρῶτον
796 814 814 880 ὁ
838 817 975 902 Σύρος·
1008 818 1110 901 (369)
1146 809 1151 896 ἶ,

88 925 164 991 “νῦν
190 921 222 987 δ’
247 921 364 1006 ἠξίωκε
388 922 532 999 δούλους
553 918 680 1005 πέμψαι
701 919 760 997 τάς
782 943 818 985 τε
839 922 989 988 πάντων
1011 925 1111 998 οἰκίας
1148 897 1151 978 ἐ

87 1029 263 1117 ἐρευνῆσαι
276 1025 332 1093 καὶ
347 1024 452 1113 μηδὲν
466 1025 503 1092 ἐν
515 1025 632 1103 αὐταῖς
639 1031 834 1092 καταλιπεῖν
842 1038 916 1093 τῶν
925 1032 1111 1096 καλλίστων

85 1133 270 1218 κτημάτων,
288 1134 459 1218 πρόφασιν
477 1135 682 1218 βουλόμενος
699 1129 847 1216 πολέμου
863 1137 1001 1218 λαβεῖν,
1022 1136 1110 1210 εἰδὼς

59 1312 61 1315 ,
86 1240 138 1305 ότι
147 1249 216 1305 τῶν
229 1235 290 1323 μὲν
305 1236 449 1322 ἐμαυτοῦ
463 1235 507 1302 δι’
519 1238 605 1322 ὑμᾶς
618 1236 680 1302 οὐκ
694 1236 737 1302 ἀν
748 1239 946 1322 φεισαίμην,
955 1240 1109 1328 ἀφορμὴν
1118 1254 1136 1296 ιι

87 1344 118 1411 δ’
141 1345 176 1411 ἐκ
198 1354 259 1411 τοῦ
277 1342 353 1429 περὶ
376 1354 443 1408 τῶν
465 1340 634 1430 ὑμετέρων
652 1342 776 1426 ἀηδοῦς
792 1348 1110 1432 πραγματευόμενος

87 1455 136 1530 είς
163 1454 200 1518 τὸ
227 1457 393 1536 πολεμεῖν.
439 1450 567 1532 ποιήσω
594 1471 632 1530 χε
659 1448 725 1533 μην
751 1447 792 1513 τά
814 1448 897 1532 ὑμῖν
924 1451 1110 1518 δοκοῦντα]

85 1559 196 1642 <370>
205 1559 244 1622 τὸ
259 1553 296 1622 δὲ
310 1563 441 1640 πλῆθος
454 1556 498 1641 μὴ
514 1556 587 1620 δεῖν
600 1550 818 1619 ἀκούειν’τῦν
830 1552 904 1619 κατ’
923 1556 1034 1622 αὐτὸν
1048 1560 1109 1623 ἕλε

86 1686 161 1746 χεν,
188 1661 272 1727 ἀλλά
296 1672 521 1748 καταφρονεῖν
542 1657 598 1726 καὶ
620 1660 705 1747 πρὸς
725 1661 765 1726 τὸ
786 1664 948 1744 πολεμεῖν
972 1659 1108 1748 ἑτοίμως

87 1771 185 1854 ἐχειν.
212 1777 283 1845 τοῖς
297 1761 360 1833 οὖν
373 1772 590 1854 πρεσβευταῖς
606 1765 870 1852 ἀποκρινάμενος
883 1765 1000 1848 λέγειν
1014 1769 1135 1835 άπελ-ιῖ

86 1882 212 1942 θοῦσιν
226 1876 277 1941 ότι
290 1885 361 1951 τοῖς
374 1875 412 1939 τὸ
426 1882 559 1960 πρῶτον
572 1870 766 1950 ἀξιωθεῖσιν
780 1868 837 1936 ὑπ’
852 1870 961 1938 αύτοῦ
975 1872 1034 1939 καί
1048 1884 1108 1940 νῦν

87 1980 220 2066 ἐμμένει
237 1990 297 2066 τῆς
314 1984 383 2047 τῶν
400 1984 547 2046 πολιτῶν
565 1977 747 2063 ἀσφαλείας
765 1976 871 2060 ἕνεκα,
889 1979 978 2062 πρὸς
998 1975 1038 2044 δέ
1050 1980 1108 2063 τὴν

88 2087 249 2174 δευτέραν
272 2086 410 2163 ἀξίωσιν
432 2085 493 2170 οὐχ
516 2086 687 2168 ὑπακούει,
711 2081 874 2149 ἀπέλυσεν
897 2083 1034 2162 αύτούς.

52 2209 68 2256 2
153 2192 263 2272 <371>
286 2190 304 2255 ό
328 2188 359 2254 δ’
376 2189 521 2265 ’Ἁδαδος
543 2190 688 2265 ἀκούσας
705 2198 807 2254 ταῦτα
825 2185 880 2253 καὶ
899 2189 1108 2277 δυσχεράνας

86 2297 200 2380 τρίτον
228 2297 350 2377 έπεμψε
378 2295 461 2379 πρὸς
483 2292 630 2376 ’Ἄχαβον
657 2297 736 2371 τοὺς
762 2293 929 2381 πρέσβεις,
959 2295 1109 2363 ἀπειλῶν
1119 2313 1140 2352 ²⁰

85 2400 293 2485 ὑψηλότερον
315 2408 384 2464 τῶν
406 2407 535 2482 τειχῶν,
558 2389 609 2474 οἷς
626 2412 840 2486 καταφρονεῖ,
861 2412 957 2485 χῶμα
974 2405 1108 2479 τούτοις

86 2503 270 2592 ἐπεγείρειν
293 2505 397 2572 αὐτοῦ
420 2505 482 2590 τὴν
500 2505 658 2592 στρατιάν
676 2508 758 2571 κατά
778 2507 883 2594 δράκα
902 2516 963 2591 γῆς
981 2509 1108 2594 λαμβά-

85 2628 225 2699 νουσαν,
249 2612 438 2701 ἐμφανίζων
460 2611 549 2702 αὐτῷ
572 2621 631 2698 της
655 2612 827 2697 δυνάμεως
845 2614 882 2678 τὸ
900 2617 1035 2697 πλῆθος
1053 2613 1107 2681 καλ

85 2725 401 2808 καταπληττόμενος.
435 2722 545 2805 <372>
564 2729 625 2786 τοῦ
644 2718 674 2784 δ’
693 2717 834 2804 Ἀχάβου
853 2718 897 2802 μὴ
915 2728 1107 2805 καυχᾶσθαι

87 2828 160 2892 δεῖν
197 2825 464 2914 ἀποκριναμένου
499 2822 792 2910 καθωπλισμένον,
829 2823 912 2890 ἀλλὰ
946 2833 986 2911 τῇ
1019 2828 1141 2912 μάχην

85 2936 222 3018 κρείττω
239 2936 431 3016 γενόμενον,
450 2931 607 3008 ἐλθόντες
621 2933 656 2997 οί
667 2929 821 3017 πρέσβεις
833 2928 889 2994 καὶ
904 2931 1107 2998 δειπνοῦντα

87 3038 329 3120 καταλαβόντες
351 3038 411 3102 τὸν
433 3035 570 3120 βασιλέα
593 3037 673 3119 μετά
696 3037 872 3123 τριάκοντα
890 3033 1027 3103 καὶδύο
1047 3043 1107 3122 βα-

87 3140 208 3208 σιλέων
232 3142 414 3226 συμμάχων
432 3139 604 3224 ἐδήλωσαν
622 3139 711 3229 αὐτῷ
729 3142 792 3225 τὴν
810 3142 995 3228 ἀπόκρισιν.
1033 3143 1052 3208 ὃ
1073 3143 1104 3209 δ’

86 3247 214 3324 εὐθέως
236 3255 334 3312 τοῦτο
357 3238 563 3333 προσέταξεζ
574 3243 630 3310 καὶ
652 3257 898 3333 περιχαρακοῦν
920 3249 982 3332 τὴν
1004 3252 1107 3315 πόλιν

84 3351 141 3417 καὶ
168 3354 302 3438 χώματα
329 3351 513 3438 βάλλεσθαι
540 3348 595 3416 καὶ
622 3350 749 3435 μηδένα
777 3355 902 3438 τρόπον
928 3354 1105 3422 ἀπολιπεῖν
1119 3374 1144 3414 ³⁰

157 3472 412 3543 ςεεεεεες.
431 3471 482 3526 xx
498 3476 520 3527 τ.
