2400 3840
518 113 617 162 EKTH
1058 112 1078 174 9

58 275 166 348 τελεῖς
199 267 469 353 ἀπονενευκότες,
506 282 640 357 πρῶτον
673 269 735 356 μέν
771 273 953 338 ὑπεναντία
987 272 1080 340 ταῦτ’
1144 345 1149 352 ,

60 378 229 462 ἔπραττον
247 384 292 463 τῷ
315 382 401 464 θεῷ,
430 378 587 463 δεύτερον
616 375 653 443 δέ
681 387 726 465 τῷ
749 380 904 463 προφήτη
927 379 1025 465 πατρὶ
1050 380 1080 444 δ’

59 483 187 566 αὐτῶν,
216 481 253 558 ὃς
279 483 407 565 πολλήν
438 482 494 548 καὶ
527 493 587 550 τοῦ
616 486 653 550 τὸ
681 490 811 568 πλήθος
839 480 925 550 εἶναι
953 487 1084 552 δίκαιον

60 589 215 671 σπουδήν
239 588 426 675 εἰσεφέρετο
450 588 505 654 καὶ
528 593 700 676 πρόνοιαν.

30 729 45 770 5
130 696 217 779 <35>
251 695 268 761 ὁ
297 692 334 760 δέ
362 699 455 778 λαός,
487 695 725 782 ἐξυβριζόντων
755 698 803 774 είς
830 696 893 778 τήν
919 694 1118 783 προτέραν3

59 802 266 867 κατάστασιν
287 800 343 866 καὶ
366 805 536 868 πολιτείαν
564 814 632 868 τῶν
659 812 718 868 τοῦ
746 804 921 888 προφήτου
944 804 1084 887 παίδων,

59 914 213 992 χαλεπῶς
235 931 270 973 τε
300 920 370 985 τοῖς
397 908 636 993 πραττομένοις
664 912 761 995 ἔφερε
788 907 843 974 καὶ
871 911 954 995 πρὸς
982 909 1084 975 αὐτὸν

61 1013 283 1100 συντρέχουσι
304 1013 463 1101 (διέτριβε
482 1013 514 1079 δ’
537 1015 574 1080 έν
590 1013 739 1102 Ἀρμαθᾷ
757 1015 877 1098 πόλει),
899 1014 955 1081 καὶ
973 1016 1032 1092 τάς
1049 1039 1084 1080 τε

60 1133 130 1186 τῶν
154 1122 239 1186 υίῶν
266 1121 473 1206 παρανομίας
502 1124 631 1205 ἔλεγον,
658 1120 713 1186 καὶ
742 1123 792 1188 ὅτι
820 1123 957 1207 γηραιὸς
984 1123 1084 1198 αὐτὸς

17 1261 45 1299 10
61 1228 111 1291 ὢν
134 1227 198 1310 ήδη
221 1225 277 1292 καὶ
300 1226 499 1312 παρειμένος
526 1229 591 1294 ὑπὸ
615 1237 675 1294 τοῦ
698 1230 822 1313 χρόνου
845 1240 913 1293 τῶν
935 1228 1084 1313 πραγμά-

63 1357 133 1398 των
164 1332 275 1399 οὐκέτι
307 1335 367 1399 τὸν
398 1334 501 1400 αὐτὸν
537 1334 738 1419 προεστάναι
775 1336 914 1400 δύναται
947 1337 1083 1418 τρόπον·

62 1438 198 1506 έδεόντό
221 1464 256 1505 τε
278 1438 334 1506 καὶ
359 1438 507 1506 ἱκέτευον
528 1440 702 1519 ἀποδεῖξαί
721 1439 786 1506 τιν’
807 1441 918 1505 αὐτῶν
937 1438 1085 1524 βασιλέα,

61 1546 100 1623 ὃς
133 1544 224 1632 άρξει
256 1556 317 1611 τοῦ
351 1549 475 1624 ἔθνους
499 1545 555 1612 καὶ
587 1550 806 1633 τιμωρήσεται
839 1549 1085 1622 Παλαιστινοὺς

61 1653 262 1736 ὀφείλοντας
281 1649 326 1717 ἔτ’
346 1653 458 1730 αὐτοῖς
477 1654 571 1730 δίκας
589 1664 657 1719 τῶν
675 1653 847 1740 προτέρων
865 1652 1085 1736 ἀδικημάτων.

22 1791 46 1831 15
60 1759 151 1842 <36>
183 1757 351 1841 ἐλύπησαν
383 1755 421 1824 δέ
450 1761 581 1844 σφόδρα
613 1760 673 1824 τδν
701 1760 903 1843 Σαμοόηλον
931 1759 966 1822 οί
991 1761 1085 1839 λόγοι

61 1867 120 1931 διὰ
143 1865 205 1948 τήν
229 1868 378 1950 ἔμφυτον
402 1862 625 1951 δικαιοσύνηνζ
646 1863 702 1928 καὶ
725 1867 762 1929 τὸ
786 1864 869 1949 πρὸς
891 1866 969 1939 τοὺς
993 1867 1086 1947 βασι-

62 1970 142 2048 λέας
165 1983 274 2057 μίσος·
306 1972 424 2055 ήττητο
452 1973 515 2058 γάρ
546 1972 664 2048 δεινῶς
686 1979 745 2055 τῆς
768 1970 1019 2056 ἀριστοκρατίας
1041 1970 1086 2046 ὡς

62 2082 162 2155 θείας
184 2076 240 2143 καὶ
264 2082 448 2164 μακαρίους
475 2078 635 2161 ποιούσης
661 2079 741 2154 τοὺς
767 2076 958 2164 χρωμένους
985 2077 1087 2161 αὐτῆς

63 2193 102 2269 τῇ
127 2189 286 2272 πολιτείᾳ.
323 2185 410 2268 <37>
429 2185 494 2250 ὑπὸ
514 2181 552 2249 δὲ
575 2184 756 2270 φροντίδος
778 2182 833 2249 καὶ
856 2184 1006 2269 βασάνου
1028 2193 1087 2267 τής

24 2321 49 2362 ιο
64 2294 118 2363 ἐπὶ
151 2304 223 2369 τοῖς
239 2289 442 2388 Ιείρημένοις
474 2291 550 2356 οὔτε
578 2301 705 2376 τροφής
732 2290 977 2375 ἐμνημόνευσεν
1006 2286 1083 2354 οὔθ’

62 2403 186 2483 ὕπνου,
210 2395 255 2463 δι’
282 2398 361 2481 όλης
384 2393 422 2462 δὲ
444 2406 504 2480 τής
526 2396 646 2474 νυκτὸς
665 2396 818 2483 στρέφων
840 2399 899 2474 τάς
921 2393 997 2480 περὶ
1019 2406 1087 2459 τῶν

63 2506 269 2594 πραγμάτων
293 2503 425 2581 ἐννοίας
448 2503 659 2589 διεκαρτέρει.

131 2613 219 2696 <38>
252 2613 360 2695 ἔχοντι
394 2606 425 2674 δ’
456 2610 567 2690 οὕτως,
597 2609 806 2694 ἐμφανίζεται
837 2611 875 2672 τὸ
907 2614 1005 2672 θείου
1031 2606 1122 2673 καλε

64 2725 314 2805 παραμυθεῖται
333 2715 377 2801 μή
397 2717 581 2801 δυσφορεῖν
601 2711 654 2798 ἐφ’
676 2704 727 2790 οἷς
744 2712 863 2796 ήξίωσε
885 2714 923 2779 τὸ
947 2718 1087 2797 πλῆθος,

25 2849 51 2890 ιι
65 2829 111 2904 ὡς
133 2825 196 2891 οὐκ
220 2822 349 2888 ἐκεῖνον
371 2821 687 2905 ὑπερηφανήσαντες
710 2817 783 2886 ἀλλ’
810 2817 940 2902 ἑαυτόν,
964 2819 1019 2884 ἵνα
1043 2819 1086 2905 μή

64 2934 222 3019 βασιλεὺς
245 2924 266 3016 ᾗ
290 2931 404 3013 μόνος·
432 2935 535 2992 ταῦτα
564 2925 611 3010 δέ,
639 2924 697 3012 ἀφ’
723 2921 763 3010 ής
784 2925 907 3012 ἡμέρας
931 2925 1088 3007 ἐξήγαγεν

65 3041 188 3115 αὐτοὺς
223 3035 257 3115 ἐξ
285 3035 475 3117 Αίγύπτου,
507 3040 718 3118 μηχανᾶσθαι
750 3028 864 3119 τᾶργα.
919 3034 1086 3113 λήψεσθαι

65 3145 180 3232 μέντοι
203 3141 235 3227 γ’
262 3143 323 3207 οὐκ
347 3143 395 3218 είς
418 3140 547 3226 μακράν
570 3141 747 3224 μετάνοιαν
771 3140 892 3214 αὐτοὺς
915 3136 1085 3222 ἐπίπονον,

66 3250 143 3336 ‘inp'
173 3246 213 3334 ής
247 3245 348 3315 οὐδέν
386 3243 447 3332 μέν
479 3244 641 3330 ἀγένητον
678 3249 768 3311 ἔσται
802 3255 870 3309 τῶν
907 3241 1085 3328 ἐσομένων,

28 3379 53 3420 ιο
67 3359 327 3443 ἐλεγχθήσονται
365 3350 403 3419 δὲ
434 3354 745 3438 καταφρονήσαντες
782 3347 836 3414 καὶ
869 3351 992 3432 βουλὰς
1024 3351 1090 3415 οέικ

140 3485 253 3547 ροσε
274 3476 494 3546 1Reg.V1115.
