2400 3840
511 144 611 194 EKTH
745 136 751 149 '
1030 142 1072 205 29

52 300 279 391 κρατηκότας.’
325 304 434 386 <128>
449 301 502 370 ἐπὶ
520 305 651 380 τούτοις
671 304 689 370 ὁ
704 305 784 380 λαὸς
803 314 866 381 πᾶς
883 306 1006 388 ήλγησε
1019 303 1073 369 καὶ

54 409 260 494 συνέπαθεν,
275 408 385 494 ῶμοσέ
391 433 427 475 τε
441 411 485 495 μή
495 413 717 496 περιόψεσθαι
726 412 786 475 τὸν
796 417 904 476 αίτιον
913 419 972 494 τής
981 413 1075 493 νίκης

51 515 220 600 Ἰωνάθην
237 516 461 584 ἀποθανόντα.
497 515 553 582 καὶ
573 519 634 582 τὸν
657 513 718 601 μὲν
737 517 842 595 οὕτως
861 515 1075 602 ἐξαρπάζουσι

54 634 115 708 της
128 631 191 688 τοῦ
209 624 333 708 πατρὸς
347 623 439 709 ἀρᾶς,
453 621 548 689 αὐτοὶ
567 621 598 688 δ’
616 623 714 708 εὐχάς
726 619 810 708 ὑπὲρ
824 632 884 688 τοῦ
898 626 1076 688 νεανίσκου

30 748 43 789 5
56 739 235 796 ποιοῦνται
245 739 290 818 τῷ
303 737 372 818 θεῷ
388 727 464 795 ὥστ’
477 730 580 795 αὐτὸν
590 728 753 796 ἀπολῦσαι
767 740 827 796 τοῦ
837 729 1075 815 ἁμαρτήματος.

125 837 235 919 <129>
257 832 312 900 καὶ
340 837 358 903 ὁ
383 837 537 914 Σάουλος
564 839 612 914 είς
638 838 699 921 τήν
729 835 849 902 ἑαυτοῦ
876 839 976 902 πόλιν
998 837 1111 901 {me-6

57 953 194 1028 στρεύε,
222 944 425 1030 διαφθείρας
453 940 531 1009 ὡσεὶ
559 945 722 1029 μυριάδας
749 943 783 1022 ἓξ
809 955 877 1009 τῶν
900 945 1076 1027 πολεμίων.

57 1051 234 1142 βασιλεύει,
253 1047 283 1115 δ’
310 1050 468 1135 εὐτυχῶς,
495 1049 550 1116 καὶ
577 1052 617 1116 τά
640 1053 851 1136 πλησιόχωρα
873 1060 941 1115 τῶν
965 1048 1077 1115 έθνῶν

58 1158 248 1242 πολεμήσας
270 1165 437 1241 χειροῦται
463 1160 500 1223 τό
523 1180 559 1223 τε
579 1154 786 1241 Ἀμμανιτῶν
807 1153 862 1220 καὶ
885 1160 1078 1239 Μωαβιτῶν

20 1280 46 1320 1⁰
58 1261 115 1328 καὶ
139 1264 397 1346 Παλαιστινούς,
424 1261 631 1347 Ἰδουμαίους
653 1285 688 1327 τε
710 1260 765 1327 καὶ
786 1259 1000 1347 Ἀμαληκίτας
1022 1260 1077 1327 καὶ

59 1372 120 1435 τὸν
143 1367 281 1453 βασιλέα
307 1377 365 1453 τῆς
388 1371 517 1451 Σωβᾶς.
563 1363 649 1451 ήσαν
677 1365 714 1433 δὲ
741 1370 857 1445 παῖδες
879 1369 967 1457 αὐτῷ
990 1379 1078 1451 τρεῖς

60 1473 122 1561 μὲν
144 1477 297 1561 άρρενες,
323 1473 484 1557 Ἰωνάθης
505 1473 560 1539 καὶ
581 1473 703 1552 Ἰεσοῦς
725 1473 780 1540 καὶ
803 1473 986 1559 Μέλχισος,
1015 1479 1078 1537 θν-

61 1581 197 1667 γατέρες
225 1578 262 1646 δὲ
290 1583 430 1668 Μερόβη
461 1578 516 1645 καὶ
544 1581 689 1665 Μιχάλα.
740 1582 923 1665 στρατηγὸν
951 1578 982 1645 δ’
1013 1575 1079 1664 εἶχε

62 1691 120 1754 τὸν
152 1697 215 1753 τοῦ
247 1692 346 1753 θείου
372 1687 476 1753 παῖδα
501 1684 713 1771 Ἇβέννηρον·
764 1688 873 1769 <130>
904 1692 1017 1773 Νήρος
1045 1683 1076 1749 δ’

27 1809 49 1850 1⁵
62 1795 191 1871 ἐκεῖνος
220 1792 374 1859 έκαλεϊτο.
425 1796 542 1878 Νῆρος
570 1789 609 1857 δὲ
640 1789 695 1856 καὶ
723 1796 845 1869 Κεῖσος
873 1793 890 1857 δ
922 1793 1079 1856 Σαούλου

60 1902 169 1987 πατὴρ
185 1896 325 1982 ἀδελφοὶ
338 1894 435 1983 ήσαν,
448 1897 518 1964 υλολ
535 1895 566 1962 δ’
581 1895 744 1981 Ἀβιήλου.
773 1893 815 1981 ήν
830 1893 867 1961 δὲ
881 1894 936 1962 καὶ
950 1902 1080 1980 πλῆθος

62 2008 219 2093 ἁρμάτων
243 2007 385 2092 Σαούλῳ
408 2003 463 2070 καὶ
488 2001 627 2068 ίππέων·
657 2001 716 2079 οὓς
739 1999 777 2067 δὲ
798 2003 1004 2086 πολεμήσειε,
1031 2027 1080 2068 νι-

61 2115 166 2197 κήσας
176 2111 409 2194 ἀπηλλάττετο,
424 2107 479 2176 καὶ
494 2113 572 2185 τοὺς
582 2106 757 2194 Ἑβραίους
771 2111 819 2186 είς
833 2109 1017 2195 εὐπραγίαν
1025 2107 1080 2174 καὶ

64 2219 210 2304 μέγεθος
224 2218 437 2302 εὐδαιμονίας
450 2216 667 2301 προηγάγετο,
680 2214 735 2280 καὶ
749 2227 818 2282 τῶν
831 2217 942 2283 ἀλλων
952 2215 1081 2282 ἀπέδει-

29 2341 52 2380 20
65 2325 120 2404 ξεν
136 2323 249 2390 έθνῶν
263 2321 521 2408 δυνατωτέρους.
548 2332 616 2388 τῶν
635 2318 672 2387 δὲ
690 2325 776 2389 νέων
793 2326 872 2400 τοὺς
891 2325 932 2407 δή
947 2322 1081 2409 μεγέθει

63 2430 119 2496 καὶ
137 2431 253 2496 κάλλει
271 2427 493 2515 διαφέροντας
511 2430 660 2512 φύλακας
678 2438 738 2494 τοῦ
757 2431 907 2514 σώματος
931 2430 1081 2495 ἐποιεῖτο.

132 2537 253 2621 <131>
286 2536 485 2621 Σαμούηλος
526 2533 564 2600 δὲ
600 2539 868 2620 παραγενόμενος
904 2539 987 2621 πρὸς
1022 2538 1115 2604 τὸνῖ

65 2645 224 2709 Σάουλον
238 2649 434 2727 πεμφθῆναι
448 2643 531 2727 πρὸς
546 2642 648 2706 αὐτὸν
664 2644 807 2723 ἔφασκεν
825 2642 890 2706 ὑπὸ
909 2650 969 2705 τοῦ
987 2647 1082 2722 θεοῦ,

65 2752 155 2826 ὅπως
183 2749 287 2814 αὐτὸν
312 2749 497 2832 ὑπομνήσει
526 2747 575 2812 ότι
606 2745 743 2829 βασιλέα
772 2749 953 2832 προκρίνας
981 2745 1084 2811 αὐτὸν

28 2870 52 2911 2⁵
65 2856 224 2921 ἁπάντων
243 2855 261 2920 ὁ
279 2855 360 2931 θεὸς
379 2852 539 2935 ἀπέδειξε,
562 2849 617 2917 καὶ
636 2853 692 2917 διά
710 2861 809 2917 τοῦτο
830 2856 1010 2919 πείθεσθαι
1029 2851 1084 2919 καὶ

64 2963 230 3044 κατήκοον
257 2959 347 3047 αὐτῷ
370 2963 541 3041 γίνεσθαι,
571 2958 616 3036 ὡς
643 2959 746 3025 αὐτοῦ
773 2956 836 3044 μὲν
863 2963 997 3046 ἔχοντος
1024 2962 1085 3043 τήν

65 3080 134 3133 τῶν
158 3065 271 3132 ἐθνῶν
292 3064 485 3149 ἡγεμονίαν,
507 3074 568 3129 τοῦ
591 3062 629 3130 δὲ
651 3071 736 3131 θεοῦ
758 3065 813 3132 καλ
832 3068 893 3149 τήν
911 3065 981 3132 κατ’
1004 3065 1084 3130 ἐκεί-

66 3198 130 3240 νου
151 3170 209 3238 καὶ
231 3181 299 3236 τῶν
322 3171 410 3236 όλων
432 3170 643 3257 πραγμάτων.
688 3171 798 3256 λέγειν
824 3177 941 3239 τοίνυν
965 3175 1086 3255 ἔφασκε

64 3281 240 3362 τὸνθεόν,
264 3278 374 3372 <132>
395 3275 464 3342 ἐπεὶ
484 3279 590 3342 πολλά
608 3280 691 3343 κακά
708 3282 787 3356 τοὺς
802 3278 976 3362 Ἑβραίους
992 3276 1086 3363 Ἀμα-

25 3401 53 3442 ³⁰
67 3391 198 3469 ληκίται
222 3381 385 3466 διέθηκαν
407 3385 489 3448 κατά
511 3383 574 3466 τήν
592 3385 725 3468 ἔρημον,
748 3383 796 3450 ὅτ’
819 3383 1010 3463 ἐξελθόντες
1028 3383 1083 3450 ἀπ’

140 3509 223 3572 §129
243 3531 277 3552 ¹-
298 3504 398 3572 lReg.
416 3501 481 3554 XIV
497 3509 540 3557 49.
