2400 3840
545 115 644 165 EKTH
1062 114 1102 178 51

82 269 139 336 καὶ
164 272 337 356 δυσμενῶς
360 273 578 357 διακείμενον.
625 270 696 340 οἶδε
720 272 750 338 δ’
773 274 872 352 αὐτὸς
895 277 913 342 6
934 279 1014 354 θεὸς
1036 287 1106 354 πῶς

83 376 189 441 αὐτὸν
217 373 303 442 εἶναι
331 379 410 463 μετά
434 389 496 443 σοῦ
524 380 580 444 διά
607 383 731 457 παντὸς
759 381 909 466 εὔχομαι·
943 385 1011 447 ἔστι
1044 381 1105 467 μέν

84 484 147 567 γάρ
167 492 242 566 νῦν,
261 482 316 548 καὶ
336 484 397 549 οὐκ
415 485 588 563 ἀπολείψει
608 503 654 570 σε,
673 488 803 569 ποιήσει
823 483 860 551 δὲ
878 498 946 551 τῶν
963 487 1104 573 ἐχθρῶν,

42 640 45 644 .
84 587 143 654 ἐάν
162 587 199 654 θ’
222 590 239 655 6
258 591 364 675 πατήρ
384 591 402 656 6
423 590 500 674 ἐμὸς
518 587 540 678 ᾖ
560 591 618 656 ἐάν
636 590 665 657 τ’
683 591 757 676 ἐγώ,
775 596 957 678 κρείττονα.
995 594 1103 676 <232>

58 697 127 760 εσὺ
150 699 256 779 μόνον
279 700 466 780 μνημόνευε
484 700 623 781 τούτων,
646 697 709 764 κάν
728 699 914 765 ἀποθανεῖν
935 723 991 784 μοι
1009 697 1104 783 γένη-

84 826 148 884 ται,
172 803 212 866 τά
235 800 333 867 τέκνα
356 827 421 886 μου
445 807 540 886 σῶζε,
568 803 622 869 καὶ
646 806 707 888 τήν
729 803 812 891 ὑπὲρ
839 816 907 871 τῶν
929 808 1105 891 παρόντων
1142 847 1147 850 -

84 931 140 991 μοι
159 907 304 991 ἀμοιβήν
322 911 369 986 είς
389 908 497 974 ἐκεῖνα
516 910 688 976 κατάθου.’
730 909 821 977 ταῦτ’
843 911 1006 996 ἐπομόσας
1025 911 1104 976 ἀπο-

83 1015 155 1080 λύει
179 1015 239 1078 τὸν
258 1016 424 1098 Δαυίδην,
448 1022 496 1092 είς
514 1040 589 1081 τινα
607 1019 710 1082 τόπον
729 1016 890 1083 ἀπελθεῖν
908 1026 967 1083 τοῦ
985 1018 1104 1082 πεδίου

84 1120 230 1207 φράσας,
260 1119 296 1185 έν
324 1115 350 1207 ᾧ
377 1124 624 1206 γυμναζόμενος
651 1121 797 1189 διετέλει.
843 1127 945 1207 γνοὺς
973 1125 1036 1209 γάρ
1064 1125 1104 1190 τά

48 1249 71 1286 ιο
83 1228 172 1312 παρά
194 1235 256 1292 τοῦ
279 1229 402 1313 πατρὸς
421 1227 512 1311 ήξειν
534 1230 618 1312 πρὸς
636 1228 738 1294 αὐτὸν
758 1232 881 1312 ἔφησεν
901 1229 976 1313 ἐκεῖ,
999 1234 1104 1314 μόνον

85 1331 287 1417 ἐπαγόμενος
305 1336 416 1398 παῖδα.
453 1335 562 1419 <233>
583 1334 656 1400 εκάν
674 1333 740 1421 τρί’
761 1334 897 1401 ἀκόντια
918 1338 1031 1420 βαλὼν
1050 1335 1103 1401 ἐπὶ

84 1441 143 1503 τὸν
166 1442 293 1504 σκοπὸν
318 1444 452 1524 κομίσαι
480 1451 524 1529 τῷ
548 1439 642 1506 παιδὶ
667 1443 858 1526 προστάττω
888 1443 927 1507 τά
955 1441 1102 1507 ἀκόντια’

85 1545 232 1628 (κεῖσθαι
255 1547 318 1630 γάρ
342 1549 533 1632 ἔμπροσθεν
555 1547 687 1631 αὐτοῦ),
712 1548 866 1631 ξγίνωσκε
889 1544 993 1632 μηδὲν
1016 1543 1102 1614 εἶναι

84 1657 216 1734 φαῦλον
234 1654 323 1736 παρά
337 1662 396 1717 τοῦ
411 1657 546 1739 πατρός·
566 1653 608 1719 ἀν
627 1650 664 1719 δέ
682 1653 842 1719 τάναντία
860 1657 988 1720 τούτων
1004 1654 1102 1720 ἀκού-

47 1776 70 1816 ιε
83 1772 143 1840 σχς
170 1781 236 1841 μου
265 1756 433 1841 λέγοντος,
463 1757 518 1823 καὶ
537 1741 705 1825 Ιτάναντία
732 1762 821 1845 παρά
848 1769 908 1825 τοῦ
942 1759 1103 1844 βασιλέως

83 1864 261 1947 προσδόκα.
304 1865 413 1946 <⁴234>
433 1875 492 1948 τῆς
511 1863 624 1950 μέντοι
643 1889 680 1946 γε
699 1865 881 1949 ἀσφαλείας
899 1864 1004 1942 τεύξει
1022 1872 1100 1948 παρ’

83 1967 175 2052 ἐμοῦ,
198 1967 253 2033 καὶ
277 1967 378 2034 οὐδὲν
401 1971 444 2054 μή
467 1971 579 2055 πάθης
602 1972 736 2036 ἀτοπον.
783 1971 871 2047 ὅπως
894 1966 931 2034 δὲ
950 1977 1103 2056 μνησθῇς

82 2076 211 2140 τούτων
239 2078 328 2161 παρά
355 2077 414 2141 τὸν
442 2086 499 2160 τῆς
527 2076 708 2161 εὐπραγίας
740 2078 858 2162 καιρὸν
887 2079 1015 2159 σκόπει,
1047 2073 1101 2141 καὶ

82 2192 152 2257 τοῖς
175 2182 263 2258 υίοῖς
284 2207 349 2266 μου
372 2191 473 2266 γενοῦ
496 2183 676 2267 χρήσιμος.’

44 2307 69 2348 ω
150 2289 302 2371 Δαυίδης
324 2285 386 2372 μὲν
408 2283 471 2353 οὖν
488 2289 609 2366 ταύτας
627 2290 739 2373 λαβὼν
761 2286 840 2374 παρ’
859 2286 1022 2354 Ἰωνάθου
1044 2290 1135 2372 τάςε

81 2397 219 2477 πίστεις,
238 2395 285 2471 εἰς
303 2396 340 2459 τὸ
360 2398 577 2478 συγκείμενον
591 2395 762 2479 ἀπηλλάγη
777 2399 914 2480 χωρίον·
933 2396 1040 2480 <235>
1061 2404 1099 2480 τή

82 2497 113 2564 δ’
141 2498 280 2584 ἐχομένη
303 2500 483 2584 (νουμηνία
504 2499 535 2565 δ’
556 2496 612 2586 ἦν)
636 2504 809 2584 αγνεύσας,
833 2503 878 2579 ὡς
901 2505 981 2578 ἔθος
1003 2496 1100 2584 εἶχεν,

81 2607 99 2672 ὁ
118 2609 275 2690 βασιλεὺς
297 2602 376 2688 ἧκεν
399 2604 452 2672 ἐπὶ
472 2608 509 2671 τὸ
530 2608 677 2688 δεῖπνον,
700 2605 755 2671 καὶ
773 2605 1100 2692 παρακαθεσθέντων

81 2711 172 2800 αὐτῷ
198 2721 260 2797 τοῦ
285 2710 347 2796 μὲν
368 2715 487 2789 παιδὸς
509 2710 671 2776 Ἰωνάθου
699 2710 734 2775 ἐκ
762 2711 880 2789 δεξιῶν
900 2708 1100 2794 Ἀβεννήρου

42 2835 67 2877 ²⁶
81 2815 120 2884 δὲ
147 2827 209 2884 τοῦ
232 2818 494 2905 ἀρχιστρατήγου
523 2816 559 2882 ἐκ
586 2828 653 2882 των
682 2815 817 2903 ἑτέρων,
846 2817 928 2881 ἰδὼν
955 2815 1015 2898 τήν
1039 2824 1100 2879 τοῦ

80 2926 237 2991 Δαυίδου
259 2923 430 3010 καθέδραν
448 2925 549 3006 κενήν
570 2923 746 3009 ἡσύχασεν,
769 2924 958 3005 ὑπονοήσας
980 2919 1021 2985 οὐ
1043 2945 1100 2985 κα-

79 3032 295 3115 θαρεύσαντα
314 3030 416 3096 αὐτὸν
435 3031 499 3095 ἀπὸ
518 3033 698 3107 συνουσίας
716 3031 876 3116 ὑστερεῖν.
923 3026 1031 3111 <236>
1055 3027 1100 3103 ὡς

80 3135 118 3203 δὲ
137 3134 193 3201 καὶ
212 3146 250 3222 τῇ
271 3134 409 3223 δευτέρᾳ
427 3145 485 3220 τῆς
499 3140 682 3220 νουμηνίας
696 3135 737 3201 οὐ
751 3144 871 3221 παρήν,
891 3132 1098 3198 ἐπυνθάνετο

77 3244 170 3328 παρά
192 3251 253 3308 τοῦ
271 3244 390 3319 παιδὸς
406 3241 568 3307 Ἰωνάθου
592 3243 610 3308 6'
628 3267 660 3307 τι
678 3241 733 3307 καὶ
753 3251 793 3327 τῇ
812 3240 1024 3325 παρελθούση
1043 3238 1099 3303 καὶ

39 3367 66 3408 ⁸⁰
79 3350 185 3433 ταότη
213 3357 273 3414 τοῦ
297 3349 434 3413 δείπνου
457 3346 511 3412 καὶ
535 3357 593 3430 τῆς
617 3345 790 3423 ἑστιάσεως
818 3346 835 3411 6
859 3353 919 3410 τοῦ
939 3341 1099 3410 Ἰεσσαίου

155 3468 547 3537 §232=1Reg.XX15.
620 3468 623 3473 ’

917 3559 950 3614 χι*
