2400 3840
515 124 667 177 EBAOMH
1034 122 1100 186 105

84 289 233 367 σίλευον,
261 282 401 349 ἑκάστου
427 284 517 369 παρά
543 292 604 349 τοῦ
631 286 754 369 πατρὸς
782 284 848 368 άμα
875 292 914 368 τή
937 283 1021 369 άρχή
1044 281 1100 348 καὶ

81 392 230 474 τούνομα
245 388 473 475 ἐκδεχομένου,
490 391 599 474 ὥσπερ
614 390 649 454 οί
661 393 864 474 Πτολεμαῖοι
879 387 916 453 ἐν
929 390 1099 478 Αἰγύπτῳ.

83 497 193 581 <103>
216 494 372 582 μέγιστον
395 493 433 561 δὲ
454 496 589 562 πάντων
608 493 769 579 δυνηθεὶς
791 496 810 562 6
831 498 952 582 τρίτος,
975 495 1100 580 ἀναμα-

82 602 246 688 χέσασθαι
265 605 469 688 βουλόμενος
486 603 548 685 τήν
565 611 626 668 τοῦ
644 602 853 688 προπάτορος
871 596 983 687 ήτταν,
1003 619 1100 687 στρα-

53 711 202 787 στεύσας
225 707 279 775 ἐπὶ
305 713 384 787 τοὺς
404 707 588 785 Ἰουδαίους
611 707 777 795 ἐπόρθησε
804 707 866 791 τήν
892 717 958 773 νῦν
986 713 1101 792 Σαμα-

83 824 190 903 ρείτιν
217 813 448 900 καλουμένην.’
503 814 544 880 οῦ
577 816 735 902 διήμαρτε
768 812 805 880 δέ
837 824 895 899 τῆς
926 813 1100 898 άληθείας·

83 918 182 1000 οὗτος
204 923 268 1007 γάρ
292 920 383 987 ἐστιν
396 920 540 999 ’Ἁδαδος
563 921 581 987 6
605 922 887 1008 στρατευσάμενος
909 918 963 987 ἐπὶ
986 922 1101 1005 Σαμά-

84 1053 179 1116 ρειαν
199 1027 340 1114 Ἀχάβου
363 1029 599 1112 βασιλεύοντος
620 1037 688 1092 τῶν
708 1024 934 1113 Ἰσραηλιτῶν,
960 1026 1037 1115 περὶ
1060 1022 1101 1093 οὗ

83 1136 166 1201 κατά
188 1136 301 1222 χώραν
322 1134 464 1221 ὕστερον
488 1133 638 1221 ἐροῦμεν.

43 1266 71 1306 10
153 1241 263 1325 <104>
284 1243 437 1324 Δαυίδης
464 1237 502 1306 δὲ
530 1240 812 1328 στρατευσάμενος
840 1238 893 1306 ἐπὶ
919 1244 1138 1326 Δαμασκὸν3

86 1345 142 1412 καὶ
163 1348 225 1431 τήν
247 1350 352 1431 άλλην
375 1350 523 1435 Συρίαν,
550 1356 661 1414 πᾶσαν
688 1347 793 1431 αύτήν
815 1348 965 1430 ὑπήκοον
992 1347 1101 1431 έποιή-

86 1472 177 1538 σατο,
198 1452 255 1519 καὶ
278 1455 429 1541 φρουράς
452 1453 489 1521 ἐν
509 1462 548 1540 τη
570 1455 662 1540 χώρᾳ
679 1455 883 1536 καταστήσας
900 1451 956 1519 καὶ
974 1458 1102 1540 φόρους

85 1561 200 1639 αὐτοῖς
231 1567 338 1626 τελεῖν
371 1561 486 1647 ὁρίσας
512 1559 712 1647 ὑπέστρεψε,
744 1557 799 1625 καὶ
825 1561 885 1638 τάς
910 1584 947 1626 τε
978 1571 1103 1646 χρυσᾶς

84 1665 253 1754 φαρέτρας
274 1664 330 1733 καὶ
348 1669 407 1744 τὰς
424 1671 620 1750 πανοπλίας,
643 1666 683 1744 δς
701 1668 737 1732 οί
752 1675 813 1732 τοῦ
829 1664 971 1732 Ἀδάδου
994 1684 1102 1752 σωμα-

44 1796 70 1837 15
84 1775 271 1858 τοφύλακες
294 1773 457 1860 ἐφόρουν,
486 1772 631 1857 ἀνέθηκε
652 1783 698 1861 τῷ
721 1780 790 1860 θεῷ
814 1775 863 1849 είς
881 1771 1103 1858 Ἱεροσόλυμα,

83 1881 195 1964 <105>
213 1879 253 1958 δς
269 1879 411 1966 ὕστερον
429 1880 447 1946 6
465 1890 534 1945 τῶν
547 1881 744 1962 Αἰγυπτίων
759 1881 915 1963 βασιλεὺς
928 1881 1104 1956 Σούσακος

86 1987 287 2073 στρατεύσας
306 1985 359 2055 ἐπὶ
378 1987 438 2052 τὸν
454 1987 582 2051 υίωνὸν
600 1985 704 2051 αὐτοῦ
723 1983 902 2070 Ῥοβόαμον
921 1987 1027 2070 ἔλαβε,
1047 1984 1105 2051 καλ

84 2098 194 2161 πολὺν
216 2097 321 2161 άλλον
343 2093 380 2159 ἐκ
401 2103 470 2159 τῶν
488 2089 727 2178 Ἱεροσολύμων
748 2089 927 2178 ἐξεφόρησε
948 2097 1103 2158 πλοῦτον.

85 2210 190 2266 ταῦτα
213 2198 275 2286 μὲν
298 2194 374 2284 οὖν,
403 2200 484 2265 ὅταν
507 2201 659 2284 ἔλθωμεν
682 2195 735 2264 ἐπὶ
762 2199 822 2264 τὸν
845 2201 970 2266 οίκείον
992 2200 1106 2266 αὐτῶν

45 2326 73 2368 20
86 2311 206 2391 τόπον,
229 2308 435 2391 δηλώσομεν·
463 2306 481 2372 6
510 2301 547 2371 δὲ
573 2315 642 2370 τῶν
661 2302 824 2392 Ἑβραίων
851 2307 1021 2390 βασιλεύς,
1043 2316 1105 2372 τοῦ

85 2421 172 2480 θεοῦ
196 2411 422 2500 συμπνέοντος
444 2412 533 2500 αύτῷ
555 2409 611 2478 καὶ
634 2415 713 2489 τοῦς
735 2410 901 2499 πολέμους
923 2429 1104 2500 συγκατορ-

86 2527 244 2603 θοῦντος,
266 2532 339 2598 ταῖς
360 2523 551 2596 καλλίσταις
575 2531 643 2585 τῶν
663 2517 865 2606 Ἀδραζάρου
891 2521 1022 2585 πόλεων
1050 2517 1066 2584 ἐ
1090 2559 1104 2568 -

88 2626 298 2712 εστράτευσε,
330 2628 477 2713 Βατταίᾳ
507 2622 563 2690 καὶ
586 2625 745 2709 Μάχωνι,
777 2621 833 2688 καὶ
859 2624 973 2706 λαβὼν
1003 2625 1106 2700 αὐτὰς

87 2734 171 2798 κατὰ
201 2733 322 2819 κράτος
354 2734 523 2819 διήρπασε.
572 2730 682 2814 <106>
709 2729 832 2814 χρυσὸς
864 2725 895 2791 δ’
925 2726 962 2793 ἐν
989 2728 1106 2806 αῦταίς

46 2857 74 2899 2⁵
87 2837 218 2925 ηὑρέθη
240 2840 415 2924 πάμπολυς
436 2836 491 2903 καὶ
514 2839 673 2922 άρχυρος,
697 2837 745 2900 ἐτι
769 2831 807 2900 δὲ
828 2831 884 2899 καὶ
906 2837 1041 2919 χαλκός,
1064 2834 1105 2901 δν

88 2955 150 3011 τοῦ
172 2956 299 3032 χρυσοῦ
321 2943 481 3032 κρείττον’
504 2946 632 3026 ἔλεγον·
656 2941 689 3022 ἐξ
708 2937 749 3008 οὗ
771 2939 827 3008 καὶ
850 2941 868 3008 6
888 2943 1052 3025 Σολομὼν
1067 2943 1105 3007 τὸ

88 3051 173 3137 μέγα
201 3061 333 3135 σκεῦος,
359 3051 530 3116 θάλατταν
558 3047 595 3115 δέ
621 3051 844 3136 καλούμενον,
877 3048 1023 3132 ἐποίησε,
1050 3044 1106 3112 καὶ

89 3161 168 3234 τοὺς
194 3161 391 3233 καλλίστους
417 3154 566 3232 ἐκείνους
592 3162 771 3240 λουτῆρας,
800 3155 855 3220 ὅτε
882 3163 927 3241 τῷ
954 3160 1024 3239 θεῷ
1047 3154 1107 3218 τὸν

89 3267 175 3330 ναὸν
197 3263 444 3329 κατεσκεύασεν.

47 3389 76 3428 30
159 3372 268 3453 <1οῙ>
293 3369 338 3446 ὡς
361 3366 392 3432 δ’
418 3367 437 3434 6
459 3377 518 3452 τῆς
538 3365 684 3452 Ἀμάθης
709 3367 864 3449 βασιλεὺς
886 3366 926 3428 τά
949 3364 1025 3451 περὶ
1048 3367 1144 3432 τὸν4

163 3497 245 3556 §104
266 3489 418 3559 =2Reg.
438 3488 504 3543 VIII
519 3497 544 3545 6.
