2400 3840
524 153 648 203 ENATH
796 195 798 198 .
1028 152 1093 218 277

76 313 120 388 ὡς
144 312 304 376 ὠνεῖσθαι
329 313 390 376 δύο
414 309 475 396 μὲν
499 313 581 377 σάτα
603 319 725 398 κριθῆς
744 316 871 397 σίκλου,
894 315 1095 399 σεμιδάλεως

76 417 112 483 δὲ
128 419 229 482 σάτον
243 422 359 484 σίκλου
373 419 455 483 κατά
468 419 530 503 τὴν
540 417 728 485 Ἐλισσαίου
742 424 957 505 προφητείαν.
988 423 1094 505 ἰσχύει

75 522 112 589 δέ
135 527 172 589 τὸ
198 525 298 589 σάτον
321 526 441 609 μόδιον
468 524 523 590 καὶ
546 526 649 610 ἥμισυ
669 524 837 592 Ἰταλικόν.
883 527 970 611 <86>
993 531 1095 611 μόνος

76 628 113 695 δὲ
135 631 264 695 τούτων
282 629 343 694 οὐκ
362 632 469 696 ὤνατο
488 642 556 696 τῶν
574 631 714 713 ἀγαθῶν
733 632 751 698 6
769 640 828 715 τῆς
845 635 958 719 τρίτης
976 637 1095 720 μοίρας

51 736 220 820 ιὴγεμύν·
248 735 467 815 κατασταθεὶς
493 739 556 823 γάρ
584 739 649 804 ὑπὸ
677 747 737 803 τοῦ
765 737 926 822 βασιλέως
955 738 1008 805 ἐπὶ
1036 748 1095 823 τῆς

77 844 192 926 πύλης,
215 844 271 908 ἵνα
294 846 331 908 τὸ
354 850 485 927 πλῆθος
508 841 606 929 έπέχη
628 853 687 928 της
709 849 834 929 πολλῆς
854 846 958 931 ὁρμῆς
976 843 1031 910 καὶ
1049 845 1093 930 μὴ

75 951 342 1014 κινδυνεύσωσιν
363 947 420 1015 ὑπ’
441 949 595 1032 άλληλων
614 950 804 1034 ὠθούμενοι
823 950 1095 1036 συμπατηθέντες

76 1053 276 1139 ἀπολέσθαι,
304 1053 393 1121 τοῦτ’
419 1055 519 1132 αὐτὸς
542 1040 647 1122 ἔπαθε
669 1055 724 1122 καὶ
747 1066 867 1122 τοῦτον
889 1058 1095 1140 ἀποθνήσκει

75 1164 136 1226 τὸν
158 1165 294 1246 τρόπον,
316 1163 378 1245 την
400 1163 557 1245 τελευτὴν
575 1163 663 1252 αὐτῷ
682 1165 973 1248 προφητεύσαντος
991 1161 1095 1230 Ἐλισ-

35 1289 61 1327 10
76 1271 185 1349 σαίου,
209 1267 262 1331 ὅτε
285 1280 356 1344 τοῖς
375 1265 432 1333 ὑπ’
454 1267 557 1334 αὐτοῦ
578 1266 655 1355 περὶ
676 1278 735 1352 της
758 1268 916 1354 ἐσομένης
939 1271 1095 1355 εύπορίας

76 1384 144 1437 τῶν
168 1372 363 1457 ἐπιτηδείων
386 1372 577 1464 λεγομένοις
595 1378 697 1460 μόνος
720 1375 752 1453 έξ
772 1376 928 1441 ἁπάντων
947 1375 1007 1440 ούκ
1026 1375 1095 1441 έπί-

78 1497 222 1545 ὕτδυσέν.
1136 1570 1137 1573 ¹

144 1587 229 1669 <87>
252 1586 269 1652 6
294 1581 331 1650 δέ
353 1597 421 1652 τῶν
440 1588 565 1672 Σύρων
582 1591 738 1672 βασιλεὺς
752 1586 895 1666 ’Ἀδαδος
914 1585 1093 1666 διασωθεὶς
1111 1607 1127 1655 6

78 1695 126 1769 είς
148 1693 347 1776 Δαμασκόν,
373 1690 428 1758 καὶ
455 1694 576 1777 μαθὼν
600 1694 650 1759 ὅτι
673 1696 711 1759 τὸ
734 1700 832 1760 θεῖον
857 1695 961 1760 αὐτόν
982 1717 1018 1758 τε
1040 1691 1095 1758 καλ

36 1820 61 1858 15
77 1799 137 1880 τὴν
161 1799 318 1883 στρατιάν
340 1797 445 1863 αὐτοῦ
467 1808 577 1864 πᾶσαν
606 1801 654 1877 είς
675 1800 712 1863 τὸ
737 1797 812 1877 δέος
835 1797 890 1864 καλ
913 1801 975 1881 τὴν
997 1822 1096 1883 ταρα-

75 1906 137 1988 χὴν
165 1902 296 1986 ἐκείνην
324 1903 496 1987 ἐνέβαλεν,
523 1901 596 1970 ἀλλ’
626 1904 687 1969 ούκ
714 1903 747 1982 ἐξ
775 1903 902 1988 ἐφόδου
928 1907 1096 1989 πολεμίων

77 2009 216 2094 ἐγένετο,
239 2010 372 2095 σφόδρα
394 2019 439 2097 τῷ
464 2010 609 2094 δυσμενῆ
633 2011 693 2075 τὸν
711 2011 795 2075 θεὸν
814 2012 902 2094 ἔχειν
920 2010 1096 2094 άθυμύσας

77 2119 123 2193 είς
141 2119 244 2181 νόσον
262 2114 449 2181 κατέπεσεν.
492 2116 579 2200 <88>
599 2115 843 2200 ἐκδημήσαντος
865 2113 902 2181 δὲ
919 2113 991 2180 κατ’
1013 2114 1094 2180 ἐκεῖ·

76 2245 137 2288 νον
165 2225 225 2287 τὸν
251 2225 370 2307 καιρὸν
398 2224 446 2300 είς
467 2223 650 2307 Δαμασκὸν
670 2219 858 2289 Ἐλισσαίου
882 2232 942 2288 τοῦ
966 2224 1096 2307 προφη-

35 2349 62 2387 20
76 2352 151 2413 του,
188 2332 290 2411 γνοὺς
322 2327 508 2407 όἈδαδος
535 2330 599 2395 ’τὸν
629 2331 828 2396 πιστότατον
858 2340 926 2395 τῶν
957 2331 1095 2395 οἰκετῶν

74 2433 229 2518 Ἀζάηλον
252 2437 397 2520 ἔπεμψεν
414 2435 688 2520 ὑπαντησόμενον
706 2433 868 2525 αὐτῷκαὶ
889 2437 980 2522 δῶρα
1003 2437 1095 2519 κομί-

78 2544 184 2624 ζοντα,
206 2541 363 2617 κελεύσας
386 2539 523 2625 ἐρέσθαι
540 2538 616 2626 περὶ
635 2549 694 2624 τῆς
711 2544 815 2607 νόσου
833 2538 888 2605 καὶ
910 2543 941 2605 εί
958 2541 1095 2624 διαφεύ-

77 2645 163 2725 ξεται
187 2649 246 2712 τὸν
270 2646 303 2724 ἐξ
327 2645 429 2730 αὐτῆς
451 2646 622 2710 κίνδυνον.
666 2646 753 2728 <89>
778 2643 931 2727 Ἀζάηλος
954 2643 992 2709 δὲ
1014 2646 1104 2729 μετδι-

76 2755 232 2836 καμηλων
263 2753 502 2839 τετταράκοντα
528 2753 589 2816 τὸν
615 2749 777 2836 ἀριθμόν,
809 2754 847 2816 αἳ
870 2752 910 2815 τά
937 2750 1095 2815 κάλλιστα

34 2879 61 2918 25
76 2857 131 2921 καὶ
155 2860 333 2943 τιμιώτατα
342 2862 424 2924 ’τῶν
447 2857 484 2923 έν
506 2862 674 2946 Δαμασκῷ
698 2854 885 2942 γινομένων
909 2853 963 2921 καὶ
987 2857 1095 2922 όντων

77 2963 113 3028 ἐν
136 2974 181 3051 τῷ
205 2967 361 3052 βασιλείῳ
386 2967 508 3049 έφερον
531 2964 633 3048 δῶρα,
656 2963 835 3046 συμβαλὼν
858 2971 903 3051 τῷ
922 2960 1080 3050 Ἐλισσαίι

76 3067 131 3134 καλ
145 3071 417 3155 προσαγορεύσας
431 3069 534 3133 αὐτὸν
552 3071 777 3154 φιλοφρόνως,
796 3070 909 3150 ἔλεγεν
927 3064 983 3132 ὑπ’
1002 3065 1096 3131 Ἀδά-

79 3177 141 3240 δου
163 3185 224 3241 τοῦ
248 3171 410 3258 βασιλέως
431 3180 628 3258 πεμφθῆναι
650 3176 734 3260 πρὸς
752 3174 855 3239 αὐτὸν
874 3173 965 3257 δῶρά
987 3196 1023 3237 τε
1040 3197 1095 3238 κο-

76 3285 170 3364 μίσαι
193 3279 248 3346 καλ
271 3278 444 3346 πυθέσθαι
464 3277 540 3364 περὶ
559 3289 618 3364 τῆς
635 3283 739 3345 νόσου
758 3281 789 3344 εί
807 3276 899 3365 ῥᾴων
917 3276 973 3344 ἀπ’
995 3279 1096 3362 αὐτῆς

35 3404 62 3443 30
77 3390 195 3452 ἔσοιτο.
232 3387 317 3469 <9Ο>
338 3387 356 3452 6
376 3381 413 3450 δὲ
431 3387 603 3472 προφήτης
621 3387 681 3450 τὸν
699 3381 760 3469 μέν
771 3382 927 3468 Ἀζάηλον
946 3383 1096 3451 ἐκέλευσε

149 3515 213 3572 εει
234 3533 268 3552 =
287 3507 510 3576 4Reg.V1117.
