2400 3840
93 122 161 188 γῆς
464 125 737 175 ιεωοεοειεε

92 286 396 370 καταμηνυσάντων
427 286 489 366 τήν
520 283 661 365 ἐνέδραν
691 285 775 366 πρὸς
803 281 986 368 Ἰώραμον,
1021 286 1113 368 ὠργί-

92 396 163 471 ζετό
194 417 229 458 τε
261 391 317 456 καὶ
346 391 639 475 μεταπεμψάμενος
669 390 793 466 αὐτοὺς
822 391 997 474 προδότας
1029 394 1114 473 ἔλεγε

92 511 160 565 τῶν
182 499 379 584 ἀπορρήτων
405 498 510 562 αὐτοῦ
536 495 592 561 καὶ
614 497 766 561 θάνατον
792 495 939 578 ήπείλει,
969 507 1114 583 φανερᾶς

91 616 150 690 τῆς
181 605 426 691 ἐπιχειρήσεως,
457 604 501 686 ἣν
531 606 648 686 μόνοις
676 601 817 679 ἐκείνοις
847 601 1043 686 ἐπίστευσε,
1073 612 1114 690 τῷ

90 716 236 800 κολεμίφ
264 709 494 794 γεγενημένης.
538 710 636 792 <ὁὸ>
663 711 834 792 φήσαντος
860 710 902 773 δέ
928 733 1027 787 τινος
1051 721 1133 775 τῶνε

90 821 268 901 παρόντων
293 815 512 894 ψευδοδοξεῖν
538 815 642 880 αὐτὸν
668 812 746 899 μηδ’
772 815 936 880 ὑπονοεῖν
963 816 1014 893 ὡς
1036 819 1114 903 πρὸς

91 926 151 988 τὸν
170 923 294 1008 έχθρὸν
312 924 417 988 αὐτοῦ
434 925 667 1007 κατειρηκότας
683 922 746 1004 τήν
759 924 924 1005 ἔκπεμψιν
938 934 1012 987 τῶν
1026 924 1114 989 ἀναι-

91 1033 263 1114 ρησόντων
285 1029 404 1112 αὐτόν,
431 1028 515 1094 ἀλλὰ
537 1030 714 1111 γινώσκειν
742 1028 793 1094 ὅτι
812 1025 1004 1106 Ἐλισσαῖός
1029 1030 1113 1095 ἐστιν

91 1135 109 1200 ὁ
132 1136 305 1219 προφήτης
327 1137 345 1202 δ
367 1136 476 1201 πάντα
498 1137 637 1219 μηνύων
659 1132 826 1223 αὐτῷκαὶ
849 1138 985 1221 φανερὰ
1009 1149 1111 1202 ποιῶν

90 1241 130 1304 τά
153 1237 209 1305 ὑπ’
236 1240 340 1306 αὐτοῦ
362 1245 604 1327 βουλευόμενα,
630 1239 810 1327 προσέταξε
831 1240 966 1325 πέμψας
989 1251 1111 1327 μαθεῖν
1120 1261 1140 1301 ιι

91 1345 128 1413 ἐν
146 1350 214 1414 τίνι
227 1351 322 1414 πόλει
338 1348 495 1433 τυγχάνει
514 1348 696 1433 διατρίβων
714 1346 939 1424 ὁἘλισσαῖος.
977 1349 1069 1432 (54)
1082 1349 1112 1414 οἱ

90 1450 128 1518 δὲ
159 1454 369 1538 πεμφθέντες
398 1449 481 1537 ἧκον
513 1453 730 1536 ἀγγέλλοντες
761 1455 864 1519 αὐτὸν
896 1452 935 1518 έν
965 1458 1111 1539 Δωθαῒμ

89 1559 289 1643 ὑπάρχοντα.
335 1559 454 1644 πέμπει
476 1569 657 1645 τοιγαροῦν
674 1559 819 1636 ’Ἀδαδος
846 1557 900 1624 ἐπὶ
924 1561 989 1643 τήν
1012 1565 1109 1628 πόλιν

90 1664 235 1748 δύναμιν
256 1667 385 1749 πολλὴν
407 1665 535 1732 ἱππέων
551 1665 607 1731 καὶ
626 1667 793 1751 ἁρμάτων,
816 1667 906 1742 ὅπως
926 1669 989 1733 τὸν
1005 1665 1108 1733 Ἐλισ-

90 1781 187 1836 σαῖον
216 1771 372 1856 λάβωσιν.
417 1775 454 1837 οἳ
478 1769 515 1837 δὲ
546 1775 667 1849 νυκτὸς
697 1782 808 1837 πᾶσαν
839 1771 876 1836 έν
907 1773 1022 1862 κύκλῳ
1052 1773 1137 1856 τῆνσ

89 1880 189 1943 πόλιν
211 1881 446 1964 περιλαβόντες
464 1873 555 1963 εἶχον
573 1877 611 1944 έν
629 1888 771 1965 φρουρᾷ.
808 1879 874 1962 ἅμα
893 1875 924 1942 δ’
947 1879 993 1969 ἕῳ
1011 1889 1108 1946 τοῦτο

89 1987 210 2068 μαθὼν
233 1987 251 2051 δ
275 1994 335 2051 τοῦ
357 1985 532 2070 προφήτου
555 1986 719 2068 διάκονος,
744 1982 800 2049 καὶ
823 1984 874 2049 δτι
898 1987 1056 2067 ζητοῦσιν
1078 1987 1110 2052 ολ

88 2090 240 2174 πολέμιοι
263 2096 379 2185 λαβεῖν
398 2089 596 2174 Ἐλισσαῖον,
623 2092 788 2174 ἐδήλωσεν
810 2092 899 2178 αὐτῷ
922 2095 1013 2175 μετάΙ
1028 2098 1108 2177 βοῆς

88 2192 143 2258 καὶ
171 2203 315 2279 ταραχῆς
341 2197 529 2279 είσδραμῶν
556 2199 639 2282 πρὸς
662 2198 774 2263 αὐτόν.
820 2197 915 2281 <55>
943 2197 962 2261 ὃ
987 2196 1026 2264 δὲ
1050 2202 1106 2264 τὸν

87 2298 278 2382 θεράποντα
301 2299 345 2382 μή
369 2299 516 2364 δεδιέναι
537 2304 784 2388 παρεθάρρυνε,
806 2301 942 2369 καὶτὸν
960 2308 1059 2390 θεόν,
1082 2299 1106 2393 ᾧ
1118 2320 1139 2362 2⁰

88 2403 245 2493 συμμάχῳ
259 2416 480 2490 καταφρονῶν
499 2406 598 2488 ἀδεής
616 2402 669 2491 ἦν,
688 2410 865 2496 παρεκάλει
883 2418 929 2496 τῶ
948 2411 1106 2500 διακόνῳ,

86 2512 170 2597 πρὸς
196 2513 233 2576 τὸ
262 2515 378 2596 λαβεῖν
401 2512 503 2578 αὐτὸν
532 2513 643 2579 εὔελπι
671 2515 813 2601 θάρρος,
841 2514 1025 2599 ἐμφανίσαι
1048 2519 1107 2600 τῆν

86 2618 190 2684 αὐτοῦ
214 2620 359 2705 δύναμιν
380 2619 435 2686 καὶ
459 2625 645 2707 παρουσίαν
669 2622 714 2698 ὡς
734 2623 888 2687 δυνατόν.
930 2620 1008 2687 ὁδε
1027 2627 1105 2701 θεὸς

87 2723 226 2810 ἐπήκοος
253 2739 320 2793 τῶν
349 2728 455 2811 εὐχῶν
482 2737 541 2793 τοῦ
568 2730 741 2815 προφήτου
769 2731 947 2811 γενόμενος
974 2736 1106 2813 πλῆθος

86 2830 243 2917 ἁρμάτων
265 2833 320 2898 καὶ
343 2836 454 2899 ’ίπκωυ
476 2845 521 2921 τῷ
544 2835 727 2920 θεράποντι
746 2832 822 2919 περὶ
840 2837 900 2898 τὸν
915 2832 1104 2901 Ἐλισσαῖον
1116 2848 1138 2890 2⁵

85 2937 335 3022 κεκυκλωμένον
358 2939 548 3003 θεάσασθαι
571 2938 747 3024 παρέσχεν,
773 2940 818 3017 ὡς
841 2940 943 3005 αὐτὸν
967 2941 1103 3025 ἀφιέναι

85 3039 146 3125 μὲν
170 3046 206 3108 τὸ
231 3042 320 3126 δέος,
348 3043 582 3128 ἀναθαρρῆσαι
610 3041 647 3109 δὲ
673 3048 755 3130 πρὸς
777 3046 839 3128 τήν
862 3049 942 3124 όψιν
964 3057 1025 3131 τῆς
1048 3072 1101 3114 νο-

84 3148 259 3233 μιζομένης
282 3152 475 3233 συμμαχίας.
522 3150 609 3233 (56)
629 3147 813 3229 Ἐλισσαῖος
836 3149 874 3217 δὲ
894 3155 975 3237 μετά
999 3163 1100 3218 ταῦτα

84 3252 138 3317 καὶ
162 3257 220 3331 τὰς
238 3266 305 3320 τῶν
322 3256 491 3337 πολεμίων
509 3258 603 3334 όψεις
620 3256 815 3341 ἀμαυρῶσαι
834 3261 895 3324 τὸν
912 3260 997 3324 θεὸν
1019 3282 1101 3342 παρ-

84 3358 210 3441 εκάλει,
242 3360 346 3444 ἀχλὺν
379 3361 494 3436 αὐταῖς
526 3361 724 3447 ἐπιβαλόντα
756 3361 817 3446 ἀφ’
851 3359 892 3446 ής
923 3365 1135 3448 ἀγνοήσεινθ0

155 3484 220 3542 §63
241 3505 273 3525 ι·-
293 3481 384 3535 4ΗΡ”
407 3482 418 3488 ”
