2400 3840
515 170 639 219 ENATH
1016 168 1080 232 287

66 334 146 415 ροὺς
170 331 264 394 ίδεῖν.
305 330 414 412 <134>
437 330 568 405 τούτοις
585 328 736 407 πεισθεὶς
755 328 772 393 ὁ
789 327 985 414 Ἰωνάδαβος
1004 330 1082 395 ἀνα-

65 439 127 520 βάς
149 438 197 512 είς
225 436 261 500 τὸ
286 436 373 519 άρμα
401 437 448 511 είς
471 435 665 521 Σαμάρειαν
692 438 918 519 παραγίνεται.
964 435 1081 518 ἀναζη-

63 545 165 625 τήσας
193 539 231 607 δὲ
257 542 383 618 πάντας
410 545 489 618 τοὺς
510 539 651 626 Ἀχάβου
679 553 851 624 συγγενεῖς
870 539 975 623 Ἰηοῦς
1002 542 1081 607 ἀπο-

62 653 194 714 κτείνει.
244 651 446 733 βουλόμενος
476 645 513 713 δὲ
543 645 670 732 μηδένα
699 658 767 711 τῶν
793 649 1081 733 ψευδοπροφητῶν

32 777 46 816 5
62 753 140 840 μηδ’
163 753 279 841 ἱερέων
298 767 365 819 τῶν
377 753 516 838 Ἀχάβου
530 761 622 819 θεῶν
635 754 697 837 τήν
710 757 873 840 τιμωρίαν
891 756 1081 838 διαφυγεῖν,

63 861 171 946 ἀπάτη
203 858 258 925 καὶ
289 862 376 950 δόλφ
409 861 535 937 πάντας
566 859 687 936 αὐτοὺς
719 858 912 944 συνέλαβεν.
963 861 1080 944 <135>

63 968 228 1052 ἀθροίσας
259 969 322 1052 γάρ
354 970 414 1032 τὸν
445 968 529 1033 λαὸν
558 968 622 1049 έφη
653 967 836 1050 βούλεσθαι
864 968 1080 1044 διπλασίονας

64 1069 112 1138 ὧν
126 1072 270 1158 ’Ἀχαβος
287 1079 379 1139 θεῶν
398 1074 593 1155 εἰσηγήσατο
607 1084 820 1158 προσκυνεῖν,
838 1071 893 1138 καὶ
907 1076 985 1150 τοὺς
1000 1072 1082 1138 ἐκεί-

64 1205 134 1244 νων
167 1180 265 1264 ίερεῖς
297 1177 351 1243 καὶ
383 1180 556 1265 προφήτας
587 1176 682 1261 ἠξίου
712 1177 766 1244 καὶ
795 1180 939 1258 δούλους
970 1180 1081 1245 αὐτῶν

21 1308 48 1346 ιο
62 1297 231 1370 παρεῖναι·
252 1288 376 1361 θυσίας
393 1286 456 1370 γάρ
475 1290 667 1362 πολυτελεῖς
684 1283 738 1350 καλ
757 1287 900 1370 μεγάλας
919 1284 1081 1351 ἐπιτελεῖν

63 1391 197 1475 μέλλειν
219 1401 288 1467 τοῖς
308 1388 448 1475 Ἀχάβου
471 1398 575 1475 θεοῖς,
600 1395 660 1479 τὸν
684 1390 715 1457 δ’
741 1389 990 1476 ἀπολειφθέντα
1012 1402 1080 1455 τῶν

64 1496 181 1582 ίερέων
207 1497 344 1585 θανάτῳ
373 1499 556 1582 ζημιώσειν.
603 1499 621 1564 ὁ
650 1495 687 1563 δέ
714 1499 795 1575 θεὸς
819 1495 958 1581 Ἀχάβου
987 1497 1079 1561 Βαάλ

63 1602 219 1669 ἐκαλεῖτο.
256 1605 364 1687 <136>
381 1603 479 1682 τάξας
500 1602 530 1669 δ’
551 1603 679 1690 ἡμέραν
696 1601 775 1669 καθ’
792 1604 834 1687 ἣν
853 1604 1080 1689 έμελλεποιή-
1137 1655 1140 1665 ,

63 1726 136 1773 σειν
158 1711 217 1785 τὰς
239 1712 372 1792 θυσίας,
395 1707 575 1794 διέπεμψεν
598 1709 662 1774 ἀνά
684 1719 794 1775 πᾶσαν
812 1711 874 1793 τήν
891 1721 959 1775 τῶν
974 1707 1078 1794 Ἰσρα-

19 1836 47 1876 15
62 1820 187 1897 ηλιτῶν
199 1816 312 1901 χώραν
330 1818 408 1893 τοὺς
426 1814 564 1893 ἀξοντας
582 1817 665 1900 πρὸς
684 1816 787 1880 αὑτὸν
804 1818 883 1892 τοὺς
902 1817 1001 1906 ίερεῖς
1019 1823 1079 1878 τοῦ

61 1921 165 1986 Βαάλ.
211 1920 360 1988 ἐκέλευσε
388 1920 418 1986 δ’
446 1920 551 2004 Ἰηοῦς
578 1933 648 1998 τοῖς
679 1922 803 2007 ίερεῦσι
831 1922 950 1985 δοῦναι
977 1929 1079 1985 πᾶσιν

63 2026 239 2111 ἐνδύματα.
280 2030 453 2111 λαβόντων
476 2023 512 2092 δὲ
535 2026 715 2114 παρελθὼν
738 2029 786 2104 είς
808 2029 868 2092 τὸν
887 2021 980 2092 οἷκον
999 2026 1079 2109 μετὰ

62 2142 123 2197 τοῦ
146 2136 249 2218 φίλου
265 2131 477 2218 Ἰωναδάβου,
500 2135 545 2218 μή
563 2157 614 2210 τις
632 2132 669 2198 έν
688 2133 801 2210 αὐτοῖς
820 2132 1009 2218 ἀλλόφυλος
1028 2138 1078 2214 είη

62 2237 117 2303 καὶ
151 2238 243 2318 ξένος
275 2240 450 2326 ἐρευνῆσαι
482 2239 694 2326 προσέταξεν·
726 2240 768 2306 οὐ
800 2242 983 2325 βούλεσθαι
1015 2243 1078 2326 γάρ

19 2367 48 2406 νο
63 2357 133 2421 τοῖς
148 2347 250 2431 ίεροῖς
264 2346 375 2411 αὐτῶν
388 2346 565 2432 ἀλλότριον
578 2349 852 2434 παρατυγχάνειν.
888 2349 998 2431 <137>
1011 2358 1080 2412 τῶν

63 2449 94 2515 δ’
118 2454 280 2517 είπόντων
303 2448 365 2536 μὲν
383 2453 505 2518 οὐδένα
524 2466 677 2538 παρεῖναι
697 2453 803 2538 ξένον,
825 2452 1079 2540 καταρξαμένων

63 2553 101 2621 δὲ
128 2569 196 2622 τῶν
222 2565 369 2642 θυσιῶν,
396 2557 608 2643 περιέστησεν
635 2558 760 2637 ἔξωθεν
788 2561 992 2642 ὀγδοήκοντα
1020 2562 1080 2624 τὸν

62 2663 211 2749 ἀριθμὸν
233 2666 373 2750 ἀνδρας,
401 2665 460 2741 οὓς
486 2662 559 2749 ήδει
586 2665 803 2740 πιστοτάτους
829 2676 897 2728 τῶν
924 2665 1079 2747 ὁπλιτῶν,

62 2771 219 2846 κελεύσας
247 2770 361 2847 αὐτοῖς
388 2770 578 2836 ἀποκτεῖναι
610 2774 688 2847 τοὺς
714 2771 993 2856 ψευδοπροφήτας
1024 2768 1079 2834 καὶ

19 2895 46 2935 τε
62 2884 128 2940 νῦν
154 2888 225 2953 τοῖς
251 2879 403 2962 πατρίοις
430 2879 523 2941 έθεσι
547 2889 706 2964 τιμωρεῖν
731 2879 840 2943 πολὺν
865 2877 929 2958 ήδη
956 2877 1079 2960 χρόνον

62 2980 341 3068 ὠλιγωρημένοις,
363 2981 542 3065 ἀπειλήσας
565 2979 648 3068 ὑπὲρ
670 2993 739 3048 τῶν
762 2985 998 3068 διαφυγόντων
1021 2984 1079 3058 τάς

63 3086 200 3170 ἐκείνων
230 3087 472 3174 έφαιρήσεσθαι
502 3089 619 3173 ψυχάς.
666 3091 783 3173 (138)
814 3092 855 3178 02
877 3086 913 3154 δὲ
942 3089 1021 3164 τούς
1047 3085 1076 3151 τ’

62 3195 188 3278 ἀνδρας
212 3196 358 3270 ἅπαντας
380 3192 588 3277 κατέσφαξαν
614 3193 669 3259 καὶ
696 3197 756 3261 τὸν
784 3189 878 3260 οίκον
902 3203 962 3259 τοῦ
986 3196 1078 3259 Βαάλ

62 3299 288 3384 ἐμπρήσαντες
302 3299 471 3384 ἐκάθηραν
490 3299 595 3376 οὕτως
609 3299 673 3364 ἀπὸ
692 3312 760 3365 τῶν
774 3299 912 3378 ξενικῶν
930 3298 1079 3383 ἐθισμῶν
1148 3386 1150 3388 ¹

20 3424 48 3463 οο
63 3406 124 3487 τήν
139 3406 342 3491 Σαμάρειαν.
375 3399 472 3482 οὗτος
486 3407 504 3471 ὁ
519 3408 611 3471 Βαάλ
624 3409 762 3491 Τυρίων
775 3401 819 3489 ήν
832 3409 924 3483 θεός·
938 3405 1079 3492 ’Ἀχαβος

136 3533 217 3590 §134
237 3554 270 3573 =
290 3527 485 3596 4Reg.x17.
