2400 3840
123 129 191 193 324
489 130 763 182 ΔΡΧΔῙΟΔΟΓΙΑΣ

121 299 182 355 τοῦ
205 291 330 376 πατρὸς
351 289 416 354 ὑπὸ
439 300 508 355 τῶν
529 294 676 354 πολιτῶν
703 291 752 367 είς
777 290 840 373 τήν
861 288 1049 378 Ἀρμενίαν
1074 295 1148 378 ἀπῆ-

123 421 203 483 ραν,
235 393 420 480 διαδέχεται
452 391 489 460 δὲ
521 396 583 478 τήν
614 399 787 479 βασιλείαν
815 407 888 461 τῶν
919 397 997 482 μετ’
1033 401 1148 478 αὐτοὺς

123 512 344 588 καταφρονῶν
366 510 425 566 τοῦ
448 504 683 586 Σεναχηρίβου
702 498 985 587 Ἀσσαραχόδδας.

190 607 306 674 καὶτὸ
329 603 391 691 μέν
413 617 472 691 τῆς
490 604 676 693 Ἀσσυρίων
703 611 875 693 στρατείας
903 618 967 693 τῆς
996 609 1054 676 ἐπὶ
1077 616 1148 689 τοὺς

84 711 383 799 2Ἱεροσολυμίτας
411 712 505 789 τέλος
531 721 663 778 τοιοῦτο
693 715 817 798 συνέβη
843 713 1027 795 γενέσθαι·
1059 718 1165 800 <24>⁵

120 817 262 897 Ἐζεκίας
284 816 315 882 δ’
336 818 355 883 ὁ
378 821 534 901 βασιλεὺς
554 817 749 904 παραδόξως
767 818 972 902 ἀπαλλαγεὶς
996 833 1070 888 τῶν
1092 826 1146 907 φό

123 928 194 1008 βων
215 926 449 1010 χαριστηρίους
472 926 536 988 σὺν
558 922 658 989 παντὶ
680 932 726 1011 τῷ
744 929 813 1012 λαῷ
830 928 958 1002 θυσίας
977 925 1145 994 ἐπετέλεσε

123 1039 168 1116 τῷ
195 1035 280 1117 θεῷ,
312 1029 473 1112 μηδεμιᾶς
504 1030 607 1112 ἀλλης
633 1031 741 1107 αἰτίας
771 1041 840 1095 τῶν
865 1035 1045 1114 πολεμίων
1074 1037 1145 1110 τοὺς

121 1130 184 1218 μὲν
206 1134 452 1219 διαφθειράσης
478 1138 558 1211 τοὺς
584 1131 622 1200 δὲ
645 1138 740 1223 φόβφ
767 1144 825 1219 τῆς
848 1135 968 1219 ὁμοίας
992 1144 1144 1222 τελευτῆς

119 1237 351 1323 ἀπαλλαξάσης
377 1239 442 1306 ἀπὸ
469 1251 538 1306 τῶν
556 1237 795 1325 Ἱεροσολύμων
821 1238 842 1322 ή
869 1248 930 1322 τῆς
956 1247 1142 1329 συμμαχίας
1152 1260 1170 1300 1⁰

119 1355 178 1431 τῆς
201 1347 265 1414 ἀπὸ
288 1355 349 1412 τοῦ
372 1353 467 1412 θεοῦ.
508 1346 595 1429 (25)
618 1346 707 1430 πάση
725 1342 763 1411 δὲ
780 1345 990 1431 χρησάμενος
1015 1351 1140 1434 σποοδῆ

119 1450 174 1517 καὶ
199 1455 372 1540 φιλοτιμίᾳ
394 1450 470 1538 περὶ
493 1453 674 1535 τὸνθεόν,
702 1449 771 1535 μετ’
797 1451 838 1517 οὐ
860 1455 949 1517 πολὺ
972 1457 1068 1544 νόσω
1090 1480 1141 1540 χα-

120 1562 202 1642 λεπῆ
225 1559 413 1643 περιπεσὼν
435 1555 626 1640 ἀπέγνωστο
650 1554 712 1642 μὲν
734 1558 799 1624 ὑπὸ
818 1569 886 1623 τῶν
904 1558 1045 1643 ἰατρῶν,
1069 1585 1141 1647 χρη-

119 1664 200 1729 στὸν
223 1659 261 1728 δὲ
283 1660 359 1746 περὶ
382 1663 486 1728 αὐτοῦ
513 1659 615 1729 οὐδὲν
641 1664 856 1749 προσεδόκων
878 1661 954 1728 οὐδ’
982 1666 1019 1730 οί
1041 1671 1139 1750 φίλοι.

118 1779 158 1855 τῆ
186 1766 223 1835 δὲ
251 1772 339 1858 νόσφ
366 1773 582 1855 προσετίθετο
615 1767 670 1834 καὶ
702 1770 832 1855 ἀθυμία
859 1769 954 1853 δεινή
987 1771 1057 1838 ὑπὸ
1085 1781 1140 1838 τοῦ
1151 1785 1169 1827 ¹⁵

118 1875 280 1961 βασιλέως
311 1875 431 1960 αὐτοῦ,
461 1877 523 1959 τήν
550 1876 711 1942 ἀπαιδίαν
742 1874 973 1960 λογιζομένου,
1006 1876 1066 1942 καὶ
1094 1880 1139 1944 ὅτι

119 1982 232 2067 μέλλοι
256 1989 413 2049 τελευτᾶν
436 1984 559 2068 έρημον
582 1983 772 2048 καταλιπὼν
794 1985 854 2048 τὸν
882 1976 977 2047 οἷκον
1001 1983 1060 2049 καὶ
1083 1985 1141 2067 τήν

119 2088 225 2173 ἀρχήν
248 2092 386 2170 γνησίας
405 2090 572 2172 διαδοχῆς.
613 2089 701 2172 <26>
722 2088 858 2173 κάμνων
877 2083 939 2153 οὖν
956 2088 1015 2154 ὑπ’
1039 2092 1141 2175 αὐτῆς

117 2201 176 2273 τῆς
199 2191 332 2268 ἐννοίας
350 2194 491 2275 μάλιστα
509 2193 564 2259 καὶ
583 2194 797 2279 ὀδυρόμενος,
821 2190 958 2259 ἱκετεύει
977 2197 1038 2260 τὸν
1057 2200 1140 2262 θεὸν

118 2295 207 2381 αὐτῷ
231 2299 313 2378 ζωῆς
337 2296 452 2379 ὀλίγον
470 2300 594 2381 χρόνον
613 2301 875 2382 προσεπιδοῦναι
894 2298 989 2384 μέχρι
1014 2301 1171 2367 τέκνωνθ

119 2410 234 2484 γονῆς,
262 2398 318 2465 καὶ
343 2402 388 2486 μή
410 2404 574 2487 πρότερον
597 2401 617 2486 ή
641 2405 748 2490 πατήρ
777 2405 911 2488 γένηται
939 2407 1001 2489 τήν
1028 2409 1140 2492 ψυχήν

118 2506 222 2573 αὐτὸν
254 2506 348 2574 έάσαι
379 2514 581 2575 καταλιπεῖν.
627 2510 726 2594 <27>
758 2510 893 2593 ἐλεήσας
924 2508 955 2574 δ’
985 2511 1093 2578 αὐτὸν
1122 2513 1138 2577 ὁ

118 2619 214 2700 θεός,
241 2614 296 2682 καὶ
324 2626 382 2703 τῆς
410 2619 568 2702 αἰτήσεως
595 2615 837 2700 ἀποδεξάμενος
865 2615 915 2680 ὅτι
943 2616 987 2700 μή
1017 2618 1074 2681 διά
1102 2620 1138 2682 τὸ

120 2722 253 2806 μέλλειν
276 2722 452 2808 στέρεσθαι
475 2734 543 2788 τῶν
567 2721 602 2787 ἐκ
624 2730 683 2806 τῆς
706 2723 874 2805 βασιλείας
892 2720 1034 2802 ἀγαθῶν
1053 2722 1139 2788 ὠδύ-

120 2852 195 2912 ρετο
224 2830 286 2911 τήν
307 2829 557 2912 ὑπονοηθεῖσαν
582 2828 739 2910 τελευτήν
766 2829 814 2891 έτι
841 2849 876 2890 τε
903 2829 1026 2911 χρόνον
1055 2831 1137 2912 ζωῆς
1150 2840 1172 2883 2⁵

120 2935 209 3021 αὑτῷ
233 2935 368 3016 δεηθείη
389 2944 582 3017 παρασχεῖν,
605 2932 688 2997 ἀλλά
711 2941 771 2997 τοῦ
794 2931 915 3007 παῖδας
933 2931 1023 3019 αὐτῷ
1047 2931 1137 3014 γενέ-

121 3046 202 3104 σθαι
225 3042 304 3114 τοὺς
326 3035 590 3120 ὑποδεξομένους
611 3035 673 3117 τήν
694 3035 875 3121 ήγεμονίαν
895 3034 1034 3121 ἐκείνου,
1058 3037 1137 3123 πέμ-

119 3155 186 3221 ψας
204 3142 346 3207 Ἠσαίαν
368 3144 427 3206 τὸν
449 3141 625 3224 προφήτην
649 3138 797 3206 ἐκέλευσε
822 3142 948 3223 δηλοῦν
971 3142 1061 3230 αὐτῷ
1086 3144 1136 3209 ὅτι

120 3248 175 3314 καὶ
203 3247 413 3331 διαφεύξεται
445 3246 506 3328 τήν
537 3246 639 3308 νόσον
671 3248 751 3328 μετὰ
782 3248 897 3331 τρίτην
926 3245 1053 3333 ἡμέραν
1080 3247 1135 3314 καὶ

192 3391 257 3451 §24
276 3411 310 3430 ==
330 3383 451 3439 2Paral.
465 3381 569 3436 XXXII
582 3385 624 3436 23.
716 3389 780 3451 §2⁶
800 3408 834 3428 -
852 3390 869 3436 4
883 3384 952 3454 Reg.
968 3386 1019 3440 XX
1035 3391 1062 3453 13
1082 3388 1134 3444 Ies.

120 3472 264 3527 XXXVIII
280 3478 303 3527 1.
