2400 3840
555 139 654 225 Em
1074 138 1117 202 59

99 296 209 374 νοίας;
237 296 388 360 θανάτου
420 297 483 382 γάρ
510 292 614 362 ταῧτα
644 297 718 375 ἀξια
745 295 800 362 καὶ
824 302 997 385 τιμωρίας,
1025 302 1061 365 οἵ
1081 325 1119 383 γε

99 403 222 488 μικρὸν
235 404 426 488 ἔμπροσθεν
440 406 653 480 εἰσελθόντας
671 406 764 482 τινάς
782 406 878 490 ὑμῶν
896 408 944 482 είς
962 407 999 469 τὸ
1022 423 1118 491 στρα-

100 506 243 573 τόπεδον
266 506 319 572 ἐπὶ
342 509 401 574 τὸν
424 508 562 593 βασιλέα
584 508 639 574 καὶ
661 510 787 587 πάντας
809 514 888 588 τοὺς
913 513 1035 587 άλλους
1058 511 1119 576 οὐκ

101 612 267 695 ἐνοήσατε.
314 615 452 696 ζήτησον
471 609 588 680 οὖντὸ
613 617 696 700 δόρυ
714 626 775 681 τοῦ
798 615 959 701 βασιλέως
981 616 1036 682 καὶ
1060 619 1119 683 τὸν

73 722 211 804 ιφακὸν
233 729 294 785 τοῦ
316 720 452 804 ὕδατος,
482 719 537 786 καὶ
565 724 710 805 μαθήσει
737 727 878 805 πηλίκον
904 724 990 808 ὑμᾶς
1019 727 1119 789 ἔλαθε

100 828 203 891 κακὸν
227 825 320 905 ἐντὸς
342 827 545 911 γενόμενον.’
592 828 701 910 (316)
721 829 874 906 Σάουλος
893 827 930 894 δὲ
953 835 1119 916 γνωρίσας

100 933 162 1014 τήν
184 934 339 998 Δαυίδου
362 934 490 1017 φωνήν,
512 930 568 997 καὶ
592 935 712 1017 μαθὼν
736 935 786 1000 ὅτι
810 938 923 1020 λαβὼν
942 936 1045 1002 αὐτὸν
1069 940 1119 1002 έκ-

101 1039 202 1104 δοτον
223 1039 290 1103 ὑπὸ
313 1048 373 1104 τοῦ
394 1039 505 1104 ὕπνου
532 1036 588 1103 καὶ
611 1048 669 1122 τῆς
692 1051 760 1105 τῶν
783 1044 1020 1124 φυλαττόντων
1043 1044 1119 1129 άμε-

101 1149 192 1221 λείας
214 1144 277 1210 οὐκ
300 1143 502 1228 ἀπέκτεινεν,
525 1143 598 1211 ἀλλ’
621 1144 774 1229 ἐφείσατο
796 1148 933 1225 δικαίως
951 1148 994 1214 ἀν
1017 1150 1120 1215 αὐτὸν

61 1279 88 1318 10
102 1250 246 1334 ἀνελών,
278 1252 376 1336 χάριν
403 1254 491 1336 ἔχειν
520 1251 609 1339 αὐτῷ
641 1262 699 1335 τῆς
732 1258 895 1339 σωτηρίας
927 1257 1033 1338 ἔλεγε,
1064 1253 1119 1320 καὶ

101 1357 278 1442 παρεκάλει
305 1365 500 1444 θαρροῦντα
529 1356 584 1422 καὶ
607 1355 712 1442 μηδὲν
736 1362 783 1425 ἔτι
806 1365 982 1426 πείσεσθαι
1006 1363 1120 1430 δεινὸν

102 1461 135 1539 ἐξ
159 1462 262 1528 αὐτοῦ
285 1466 499 1549 φοβούμενον
522 1464 707 1550 ἀναχωρεῖν
727 1463 779 1530 ἐπὶ
802 1469 842 1531 τά
866 1470 985 1532 οίκεῖα·
1010 1468 1119 1551 <317>

101 1576 280 1635 πεπεῖσθαι
308 1572 371 1657 γάρ
400 1570 451 1636 ότι
479 1569 556 1656 μηδ’
582 1571 686 1637 αὑτὸν
714 1572 819 1649 οὕτως
847 1574 1047 1657 ἀγαπήσειεν
1075 1574 1120 1651 ὡς

100 1671 158 1740 ὑπ’
190 1674 320 1741 ἐκείνου
348 1674 546 1773 στέργεται,
565 1677 602 1754 ὃς
629 1679 689 1742 τὸν
719 1675 780 1761 μὲν
809 1681 990 1763 φυλάττειν
1018 1680 1121 1745 αὐτὸν

60 1809 86 1849 15
101 1780 293 1864 δυνάμενον
315 1779 371 1847 καὶ
397 1783 504 1847 πολλά
533 1784 691 1866 δείγματα
718 1792 776 1866 τῆς
804 1783 936 1860 εὐνοίας
958 1801 1120 1869 παρεσχη-

101 1885 205 1971 μένον
229 1886 374 1971 ἐλαύνοι,
396 1885 452 1953 καὶ
475 1897 636 1953 τοσοῦτον
660 1887 696 1952 έν
720 1897 810 1973 φυγῇ
828 1891 952 1972 χρόνον
970 1888 1025 1953 καὶ
1049 1902 1121 1966 ταῖς

101 1992 177 2079 περὶ
206 1994 268 2076 τήν
294 1994 406 2078 ψυχήν
436 1993 595 2077 ἀγωνίαις
622 1993 786 2076 ἠνάγκασε
817 1998 910 2078 ζῆσαι
934 1999 1042 2079 φίλων
1065 1993 1120 2059 καὶ

101 2110 274 2182 συγγενῶν
298 2103 435 2186 ἔρημον,
466 2099 565 2176 αὐτὸς
594 2097 625 2163 δ’
651 2099 692 2164 οὐ
720 2102 858 2165 παύεται
882 2101 1039 2178 πολλάκις
1061 2100 1118 2167 ὑπ’

99 2204 206 2271 αὐτοῦ
230 2209 423 2291 σωζόμενος,
447 2203 527 2271 οὐδὲ
545 2206 606 2288 τήν
627 2207 738 2290 ψυχήν
760 2220 914 2293 φανερῶς
937 2206 1121 2292 ἀπολλυμέ-

58 2340 86 2378 εο
100 2336 166 2396 νην
189 2313 375 2397 λαμβάνων.
422 2313 530 2394 <318>
555 2313 572 2378 ὁ
604 2308 642 2377 δὲ
664 2315 817 2396 Δαυίδης
844 2313 1018 2399 πέμψαντα
1041 2315 1121 2381 ἀπο-

100 2422 217 2503 λαβεῖν
245 2417 395 2485 ἐκέλευσε
422 2420 459 2483 τὸ
491 2420 574 2504 δόρυ
600 2417 655 2483 καὶ
683 2422 743 2484 τὸν
773 2422 884 2503 φακὸν
906 2430 966 2486 τοῦ
988 2420 1120 2503 ὕδατος,

100 2524 246 2590 ἐπειπὼν
264 2525 309 2602 ὡς
332 2525 350 2589 ὁ
373 2526 454 2601 θεὸς
472 2522 613 2611 ἑκατέρῳ
636 2532 695 2605 τῆς
714 2526 801 2600 ἰδίας
819 2527 952 2608 φάσεως
974 2524 1029 2590 καὶ
1052 2538 1120 2591 τῶν

98 2628 182 2695 κατ”
198 2630 303 2715 αὐτὴν
329 2628 570 2715 πεπραγμένων
599 2631 689 2693 ἔσται
717 2630 887 2712 δικαστής,
916 2629 969 2706 “δς
992 2631 1042 2694 ὅτι
1064 2629 1120 2695 καί

98 2738 183 2803 κατά
215 2738 276 2820 τήν
303 2745 476 2822 παροῦσαν
507 2733 634 2820 ἡμέραν
666 2733 862 2799 ἀποκτεῖναί
891 2752 928 2799 σε
960 2733 1120 2817 δυνηθεὶς

57 2867 84 2908 25
99 2842 291 2929 ἀπεσχόμην
314 2840 406 2908 οἶδε’

168 2951 279 3033 <319>
309 2947 365 3014 καὶ
393 2949 547 3025 Σάουλος
578 2945 639 3033 μὲν
670 2949 828 3033 δεύτερον
856 2949 1032 3033 διαφυγὼν
1061 2948 1119 3026 τάς
1131 2965 1163 3015 10

96 3057 255 3121 Δαυίδου
277 3067 390 3141 χεῖρας
413 3058 461 3132 είς
483 3056 523 3120 τά
546 3058 697 3140 βασίλεια
717 3053 772 3119 καί
791 3056 852 3137 τήν
872 3058 998 3120 οίκείαν
1017 3054 1119 3137 ἀπηλ-

97 3162 246 3245 λάττετο,
270 3159 436 3247 φοβηθεὶς
459 3158 496 3226 δὲ
518 3162 671 3243 Δαυίδης
694 3162 737 3245 μή
762 3160 872 3246 μένων
896 3161 1017 3225 αὐτόθι
1041 3166 1118 3224 συλ-

96 3276 217 3355 ληφθῇ
235 3270 380 3334 ἀπὸτοῦ
399 3269 567 3350 Σαούλου,
590 3277 689 3332 τοῦτο
710 3266 893 3352 συμφέρειν
912 3269 1052 3352 ἔκρινεν,
1072 3270 1119 3344 εἰς

55 3399 81 3439 ω
95 3378 161 3462 τὴν
194 3378 426 3457 Παλαιστίνην
456 3375 600 3459 καταβάς
632 3375 816 3459 διατρίβειν
850 3371 886 3437 ἐν
918 3372 1012 3460 αὐτῇ.
1063 3372 1124 3438 καὶ

172 3503 255 3565 ςοιι
275 3523 309 3542 =
330 3495 427 3564 1Reg.
447 3493 594 3551 ΧΧνΙιι.
