2400 3840
136 135 180 199 46
506 136 780 188 ΑΡΧΑΙΟΛΟΓΙΑΣ

138 300 258 380 λόγους
281 297 369 385 αὐτῷ
388 295 464 381 περὶ
486 305 547 362 τοῦ
565 297 720 360 Δαυίδου
742 293 953 380 προσφέρειν.
996 294 1042 359 (τί
1056 319 1156 359 κατα-

138 407 239 485 γνοὺς
262 404 365 469 αὐτοῦ
384 405 504 488 μικρὸν
521 401 541 484 ή
560 405 672 485 μεῖζον
695 401 848 485 ἀδίκημα,
872 398 1030 486 ὦπάτερ,
1052 419 1156 483 προσ-

137 509 251 588 έταξας
274 511 405 575 ἀνελεῖν
432 510 538 592 ἄνδρα
563 506 646 591 μέγα
675 504 736 592 μέν
763 508 851 596 αὐτῷ
878 509 961 592 πρὸς
989 512 1157 591 σωτηρίαν

137 619 258 700 ὄφελος
280 613 511 700 γεγενημένον,
534 617 645 698 μεῖζον
669 610 706 679 δέ
727 616 811 699 πρὸς
832 615 894 696 τήν
917 619 1157 679 Παλαιστινῶν

136 726 312 807 τιμωρίαν,
339 721 448 803 <210>
475 721 603 806 ὕβρεως
631 717 668 785 δὲ
694 718 750 785 καί
777 721 896 803 χλεύης
923 719 1184 797 άπαλλάξανταο

135 830 195 894 τὸν
215 825 377 912 Ἑβραίων
404 829 502 909 λαόν,
529 826 572 909 ήν
595 824 648 891 ἐπὶ
676 824 911 911 τετταράκονθ’
941 824 1066 910 ἡμέρας
1093 827 1156 890 ὑπ-

137 932 259 1018 έμεινε,
289 935 394 1016 μόνον
421 938 593 1016 τολμῶντα
615 933 799 1016 ὑποστήναι
822 933 883 1015 τήν
911 940 970 997 τοῦ
993 935 1156 1015 πολεμίου

135 1042 329 1124 πρόκλησιν,
341 1035 397 1104 καὶ
412 1040 492 1123 μετὰ
506 1048 609 1104 ταῦτα
622 1042 804 1123 κομίσαντα
818 1035 880 1123 μὲν
894 1040 974 1115 ὅσας
988 1038 1155 1121 ἐπετάχθη

134 1146 281 1229 κεφαλάς
298 1156 366 1210 τῶν
385 1144 527 1231 ἐχθρῶν,
551 1148 696 1230 λαβόντα
719 1143 750 1208 δ’
772 1142 825 1209 ἐπὶ
846 1147 952 1233 τούτῳ
972 1143 1070 1229 γε’ρας
1092 1145 1155 1226 τήν

136 1250 218 1335 ἐμήν
241 1251 391 1336 ἀδελφήν
413 1253 496 1337 πρὸς
518 1252 639 1337 γάμον,
666 1251 710 1327 ὡς
733 1250 775 1316 δν
798 1250 951 1333 άλγεινὸς
974 1251 1077 1315 αὐτοῦ
1101 1249 1154 1331 γέ-
1171 1273 1196 1311 10

134 1357 231 1424 νοιθ’
254 1357 335 1442 ἡμῖν
358 1357 375 1424 ὁ
393 1359 542 1434 θάνατος
564 1358 605 1423 οὐ
628 1359 684 1422 διά
706 1357 768 1440 τήν
786 1357 907 1442 ἀρετήν
926 1357 1030 1421 αὐτοῦ
1048 1359 1155 1440 μόνον

135 1461 296 1530 ἀλλὰκαὶ
320 1465 376 1528 διά
398 1464 459 1545 τήν
483 1462 692 1546 συγγένειαν·
716 1465 942 1528 συναδικεῖται
962 1465 1025 1547 γάρ
1049 1463 1154 1527 αὐτοῦ

134 1578 180 1656 τῷ
199 1570 335 1659 θανάτῳ
354 1567 409 1634 καί
427 1568 448 1651 ἡ
468 1569 509 1651 σή
523 1569 686 1655 θυγάτηρ,
704 1574 841 1653 χηρείαν
859 1568 940 1654 πρὶν
958 1568 978 1651 ή
997 1577 1055 1651 τῆς
1071 1586 1154 1652 συμ-

135 1677 281 1760 βιώσεως
304 1677 351 1752 είς
374 1677 491 1758 όνησιν
509 1674 624 1741 ἐλθεῖν
641 1674 807 1760 μέλλουσα
824 1676 999 1760 πειράζειν.
1041 1676 1152 1758 <211>

134 1790 237 1847 ταῦτα
260 1782 476 1866 λογισάμενος
494 1785 678 1866 μεταβαλοῦ
696 1783 779 1865 πρὸς
798 1784 836 1847 τὸ
854 1781 1073 1865 ἡμερώτερον,
1096 1779 1154 1845 καὶ
1170 1803 1194 1843 15

135 1885 239 1972 μηδὲν
266 1890 406 1974 ποιήσης
431 1890 535 1954 κακὸν
561 1889 670 1974 άνδρα
699 1899 832 1974 πρῶτον
862 1885 923 1973 μὲν
948 1887 1034 1971 ήμᾶς
1060 1887 1153 1971 εὐερ-

134 1999 250 2076 γεσίαν
273 1995 420 2079 μεγάλην
442 1994 702 2078 εὐεργετήσαντα
723 1994 785 2077 τήν
808 1995 871 2077 σήν
894 1997 1073 2077 σωτηρίαν,
1098 1994 1153 2057 ὅτε

135 2116 188 2164 σοι
219 2109 279 2164 τοῦ
311 2109 460 2184 πονηροῦ
491 2101 677 2184 πνεύματος
703 2098 758 2164 καὶ
791 2112 858 2165 τῶν
886 2102 1069 2184 δαιμονίων
1099 2098 1152 2180 ἐγ-

91 2262 93 2266 .
133 2203 364 2287 καθεζομένων
381 2206 422 2270 τά
440 2202 502 2289 μὲν
521 2204 683 2289 ἐξέβαλεν,
702 2207 837 2292 είρήνην
856 2204 887 2270 δ’
905 2205 960 2270 ἀπ’
982 2206 1093 2270 αὐτῶν
1111 2214 1151 2290 τῇ

133 2317 221 2394 ψυχή
246 2302 307 2374 σου
328 2308 480 2394 παρέσχε,
503 2312 660 2396 δεύτερον
679 2307 717 2376 δὲ
735 2312 796 2394 τήν
814 2311 878 2377 άπὸ
897 2323 965 2377 τῶν
982 2315 1152 2394 πολεμίων
1166 2332 1193 2372 ιο

108 2442 112 2450 ·
134 2414 294 2480 ἐκδικίαν·
309 2417 447 2501 αἰσχρὸν
461 2417 524 2502 γάρ
538 2417 666 2482 τούτων
680 2416 917 2501 ἐπιλελῆσθαί
952 2419 1060 2500 <212>
1074 2420 1151 2482 τοό-

133 2545 203 2598 τοις
220 2533 457 2609 παρηγορεῖται
474 2534 545 2600 τοῖς
563 2525 675 2606 λόγοις
693 2523 857 2607 Σάουλος,
879 2522 935 2589 καὶ
955 2521 1060 2608 μηδὲν
1078 2523 1149 2588 άδι-

80 2658 83 2662 >
132 2629 247 2711 κήσειν
274 2630 334 2694 τὸν
359 2631 515 2714 Δαυίδην
542 2632 663 2716 ὄμνυσι
689 2640 734 2719 τῷ
761 2631 869 2696 παιδί·
901 2634 1059 2714 κρείττων
1086 2632 1149 2715 γὰρ

133 2736 235 2820 όργής
260 2733 316 2801 καὶ
348 2739 459 2822 φόβου
491 2738 618 2814 δίκαιος
645 2740 752 2820 λόγος.
799 2735 960 2818 Ἰωνάθης
989 2732 1026 2800 δὲ
1054 2759 1150 2821 μετα-

132 2842 344 2925 πεμψάμενος
365 2845 425 2908 τὸν
443 2844 598 2925 Δαυίδην
620 2846 772 2926 σημαίνει
794 2840 823 2907 τ’
845 2842 933 2930 αὐτῷ
952 2843 1074 2926 χρηστά
1093 2840 1148 2906 καὶ
1164 2862 1191 2903 τε

133 2948 277 3032 σωτήρια
300 2946 339 3010 τά
361 2949 450 3031 παρά
472 2956 533 3012 τοῦ
555 2951 688 3031 πατρός,
711 2949 784 3029 άγει
802 2970 837 3012 τε
856 2949 940 3032 πρὸς
957 2949 1070 3030 αὐτόν,
1093 2946 1148 3012 καὶ

132 3049 294 3137 παρέμενε
315 3060 361 3139 τῷ
384 3055 516 3134 βασιλεῖ
535 3053 687 3135 Δαυίδης
709 3054 818 3137 ὥσπερ
842 3056 1040 3138 ἔμπροσθεν.

97 3173 112 3221 3
198 3158 307 3239 <213>
323 3158 406 3223 κατὰ
424 3154 462 3222 δὲ
477 3166 599 3223 τοῦτον
617 3160 676 3223 τὸν
694 3160 812 3243 καιρὸν
829 3171 897 3224 τῶν
911 3165 1149 3225 Παλαιστινῶν

132 3261 426 3347 στρατευσαμένων
444 3263 545 3328 πάλιν
564 3262 617 3329 ἐπὶ
636 3266 714 3341 τοὺς
726 3262 910 3350 Ἑβραίους,
928 3263 1047 3350 πέμπει
1066 3268 1147 3349 μετὰ

132 3379 286 3453 στρατιᾶς
308 3372 366 3435 τὸν
384 3371 539 3453 Δαυίδην
561 3372 789 3455 πολεμήσοντα
811 3383 881 3448 τοῖς
899 3375 1147 3448 Παλαιστινοῖς.
1162 3392 1190 3431 ³0

199 3490 590 3560 §210=1Reg.X1X5.
