<?xml version="1.0" encoding="UTF-8"?>
<!DOCTYPE html PUBLIC "-//W3C//DTD XHTML 1.0 Transitional//EN"
    "http://www.w3.org/TR/xhtml1/DTD/xhtml1-transitional.dtd">
<html xmlns="http://www.w3.org/1999/xhtml" xml:lang="en" lang="en">
 <head>
  <title>
</title>
<meta http-equiv="Content-Type" content="text/html;charset=utf-8" />
  <meta name='ocr-system' content='tesseract 3.04.00' />
  <meta name='ocr-capabilities' content='ocr_page ocr_carea ocr_par ocr_line ocrx_word'/>
</head>
<body>
  <div class='ocr_page' id='page_1' title='image "./operaomniaposti03nabegoog_0252.png"; bbox 0 0 2400 3840; ppageno 0'>
   <div class='ocr_carea' id='block_1_1' title="bbox 111 120 756 185">
    <p class='ocr_par' dir='ltr' id='par_1_1' title="bbox 111 120 756 185">
     <span class='ocr_line' id='line_1_1' title="bbox 111 120 756 185; baseline -0.008 -8"><span class='ocrx_word' id='word_1_1' title='bbox 111 120 178 185; x_wconf 78' lang='grc'><strong><em>200</em></strong></span> <span class='ocrx_word' id='word_1_2' title='bbox 481 120 756 174; x_wconf 76' lang='grc' dir='ltr'><strong>ΔΡΧΔΙΟΔΟΓΙΔΣ</strong></span> 
     </span>
    </p>
   </div>
   <div class='ocr_carea' id='block_1_2' title="bbox 82 279 1175 3545">
    <p class='ocr_par' dir='ltr' id='par_1_2' title="bbox 111 279 1175 3023">
     <span class='ocr_line' id='line_1_2' title="bbox 111 279 1127 366; baseline -0.002 -18"><span class='ocrx_word' id='word_1_3' title='bbox 111 280 288 366; x_wconf 77' lang='grc' dir='ltr'><em>ἀνέθηκεν,</em></span> <span class='ocrx_word' id='word_1_4' title='bbox 312 284 360 348; x_wconf 81' lang='grc' dir='ltr'><strong><em>ἔτι</em></strong></span> <span class='ocrx_word' id='word_1_5' title='bbox 382 305 417 347; x_wconf 94' lang='grc' dir='ltr'><strong><em>τε</em></strong></span> <span class='ocrx_word' id='word_1_6' title='bbox 435 281 521 365; x_wconf 81' lang='grc' dir='ltr'><strong><em>ύληυ</em></strong></span> <span class='ocrx_word' id='word_1_7' title='bbox 540 279 648 361; x_wconf 80' lang='grc' dir='ltr'><strong><em>ξύλων</em></strong></span> <span class='ocrx_word' id='word_1_8' title='bbox 671 279 831 347; x_wconf 81' lang='grc' dir='ltr'><strong><em>ἀπελθὼν</em></strong></span> <span class='ocrx_word' id='word_1_9' title='bbox 850 283 976 360; x_wconf 79' lang='grc' dir='ltr'><strong><em>ἔκοψεν</em></strong></span> <span class='ocrx_word' id='word_1_10' title='bbox 997 281 1127 346; x_wconf 87' lang='grc' dir='ltr'><strong><em>ἀπὸτοῦ</em></strong></span> 
     </span>
     <span class='ocr_line' id='line_1_3' title="bbox 112 385 1129 476; baseline -0.002 -22"><span class='ocrx_word' id='word_1_11' title='bbox 112 391 213 476; x_wconf 84' lang='grc' dir='ltr'><strong><em>όρους</em></strong></span> <span class='ocrx_word' id='word_1_12' title='bbox 236 398 296 455; x_wconf 92' lang='grc' dir='ltr'><strong><em>τοῦ</em></strong></span> <span class='ocrx_word' id='word_1_13' title='bbox 320 385 501 473; x_wconf 77' lang='grc' dir='ltr'><strong><em>λεγομένου</em></strong></span> <span class='ocrx_word' id='word_1_14' title='bbox 520 387 673 472; x_wconf 78' lang='grc' dir='ltr'><strong><em>Λιβάνου</em></strong></span> <span class='ocrx_word' id='word_1_15' title='bbox 696 388 827 465; x_wconf 83' lang='grc' dir='ltr'><strong><em>εἰςτὰς</em></strong></span> <span class='ocrx_word' id='word_1_16' title='bbox 848 399 922 453; x_wconf 80' lang='grc' dir='ltr'><strong><em>τῶν</em></strong></span> <span class='ocrx_word' id='word_1_17' title='bbox 946 389 1048 475; x_wconf 82' lang='grc' dir='ltr'><strong><em>ίερῖιν</em></strong></span> <span class='ocrx_word' id='word_1_18' title='bbox 1069 385 1129 452; x_wconf 83' lang='grc' dir='ltr'><strong><em>στέ-</em></strong></span> 
     </span>
     <span class='ocr_line' id='line_1_4' title="bbox 113 491 1131 583; baseline -0.001 -22"><span class='ocrx_word' id='word_1_19' title='bbox 113 520 184 579; x_wconf 85' lang='grc' dir='ltr'><strong><em>γας,</em></strong></span> <span class='ocrx_word' id='word_1_20' title='bbox 207 495 318 579; x_wconf 87' lang='grc'>&lt;146&gt;</span> <span class='ocrx_word' id='word_1_21' title='bbox 340 495 495 561; x_wconf 83' lang='grc' dir='ltr'><strong><em>καθελών</em></strong></span> <span class='ocrx_word' id='word_1_22' title='bbox 517 517 553 560; x_wconf 89' lang='grc' dir='ltr'><strong><em>τε</em></strong></span> <span class='ocrx_word' id='word_1_23' title='bbox 574 495 616 559; x_wconf 80' lang='grc' dir='ltr'><strong><em>τὰ</em></strong></span> <span class='ocrx_word' id='word_1_24' title='bbox 634 492 754 579; x_wconf 83' lang='grc' dir='ltr'><strong><em>ἀρχαῖα</em></strong></span> <span class='ocrx_word' id='word_1_25' title='bbox 777 494 852 580; x_wconf 85' lang='grc' dir='ltr'><strong><em>ίερδ</em></strong></span> <span class='ocrx_word' id='word_1_26' title='bbox 871 491 933 559; x_wconf 83' lang='grc' dir='ltr'><strong><em>καλ</em></strong></span> <span class='ocrx_word' id='word_1_27' title='bbox 952 495 1038 560; x_wconf 88' lang='grc' dir='ltr'><strong><em>ναὸν</em></strong></span> <span class='ocrx_word' id='word_1_28' title='bbox 1061 492 1131 583; x_wconf 74' lang='grc' dir='ltr'><strong><em>ᾠκο</em></strong></span> 
     </span>
     <span class='ocr_line' id='line_1_5' title="bbox 114 597 1132 688; baseline -0.001 -20"><span class='ocrx_word' id='word_1_29' title='bbox 114 604 238 688; x_wconf 90' lang='grc' dir='ltr'><strong><em>δόμησε</em></strong></span> <span class='ocrx_word' id='word_1_30' title='bbox 260 611 321 668; x_wconf 93' lang='grc' dir='ltr'><strong><em>τοῦ</em></strong></span> <span class='ocrx_word' id='word_1_31' title='bbox 335 598 539 688; x_wconf 76' lang='grc' dir='ltr'><strong><em>Ἡρακλέους</em></strong></span> <span class='ocrx_word' id='word_1_32' title='bbox 560 598 616 666; x_wconf 82' lang='grc' dir='ltr'><strong><em>καλ</em></strong></span> <span class='ocrx_word' id='word_1_33' title='bbox 638 601 699 666; x_wconf 86' lang='grc' dir='ltr'><strong><em>τὸν</em></strong></span> <span class='ocrx_word' id='word_1_34' title='bbox 720 608 780 684; x_wconf 88' lang='grc' dir='ltr'><strong><em>τής</em></strong></span> <span class='ocrx_word' id='word_1_35' title='bbox 796 597 991 687; x_wconf 76' lang='grc' dir='ltr'><strong><em>Ἀστάρτης,</em></strong></span> <span class='ocrx_word' id='word_1_36' title='bbox 1013 603 1132 687; x_wconf 82' lang='grc' dir='ltr'><strong><em>πρῶτός</em></strong></span> 
     </span>
     <span class='ocr_line' id='line_1_6' title="bbox 115 703 1150 795; baseline -0.002 -21"><span class='ocrx_word' id='word_1_37' title='bbox 115 733 149 775; x_wconf 91' lang='grc' dir='ltr'><strong><em>τε</em></strong></span> <span class='ocrx_word' id='word_1_38' title='bbox 176 718 237 775; x_wconf 91' lang='grc' dir='ltr'><strong><em>τοῦ</em></strong></span> <span class='ocrx_word' id='word_1_39' title='bbox 261 706 463 795; x_wconf 76' lang='grc' dir='ltr'><strong><em>Ἡρακλέους</em></strong></span> <span class='ocrx_word' id='word_1_40' title='bbox 490 709 622 794; x_wconf 78' lang='grc' dir='ltr'><strong><em>ἔγερσιν</em></strong></span> <span class='ocrx_word' id='word_1_41' title='bbox 649 704 827 787; x_wconf 75' lang='grc' dir='ltr'><strong><em>ἐποιήσατο</em></strong></span> <span class='ocrx_word' id='word_1_42' title='bbox 856 703 894 771; x_wconf 85' lang='grc' dir='ltr'><strong><em>έν</em></strong></span> <span class='ocrx_word' id='word_1_43' title='bbox 923 715 972 795; x_wconf 76' lang='grc' dir='ltr'><strong><em>τῷ</em></strong></span> <span class='ocrx_word' id='word_1_44' title='bbox 996 709 1150 795; x_wconf 69' lang='grc' dir='ltr'><strong><em>Περιτίμῖ</em></strong></span> 
     </span>
     <span class='ocr_line' id='line_1_7' title="bbox 115 810 1175 900; baseline -0.004 -20"><span class='ocrx_word' id='word_1_45' title='bbox 115 818 204 900; x_wconf 89' lang='grc' dir='ltr'><strong><em>μηνί.</em></strong></span> <span class='ocrx_word' id='word_1_46' title='bbox 243 825 313 893; x_wconf 90' lang='grc' dir='ltr'><strong><em>τοῖς</em></strong></span> <span class='ocrx_word' id='word_1_47' title='bbox 333 837 369 879; x_wconf 89' lang='grc' dir='ltr'><strong><em>τε</em></strong></span> <span class='ocrx_word' id='word_1_48' title='bbox 385 811 557 890; x_wconf 79' lang='grc' dir='ltr'><strong><em>Ἰτυκαίοις</em></strong></span> <span class='ocrx_word' id='word_1_49' title='bbox 576 811 855 898; x_wconf 70' lang='grc' dir='ltr'><strong><em>ἐπεστρατεύσατο</em></strong></span> <span class='ocrx_word' id='word_1_50' title='bbox 873 812 921 898; x_wconf 87' lang='grc' dir='ltr'><strong><em>μή</em></strong></span> <span class='ocrx_word' id='word_1_51' title='bbox 941 811 1134 879; x_wconf 76' lang='grc' dir='ltr'><strong><em>ἀποδιδοῦσι</em></strong></span> <span class='ocrx_word' id='word_1_52' title='bbox 1173 810 1175 817; x_wconf 82' lang='lat'>&#39;</span> 
     </span>
     <span class='ocr_line' id='line_1_8' title="bbox 116 917 1135 1007; baseline -0.004 -21"><span class='ocrx_word' id='word_1_53' title='bbox 116 923 194 999; x_wconf 84' lang='grc' dir='ltr'><strong><em>τοὺς</em></strong></span> <span class='ocrx_word' id='word_1_54' title='bbox 222 921 364 1005; x_wconf 82' lang='grc' dir='ltr'><strong><em>φόρους,</em></strong></span> <span class='ocrx_word' id='word_1_55' title='bbox 396 918 451 986; x_wconf 86' lang='grc' dir='ltr'><strong><em>καὶ</em></strong></span> <span class='ocrx_word' id='word_1_56' title='bbox 479 917 644 997; x_wconf 78' lang='grc' dir='ltr'><strong><em>ὑποτάξας</em></strong></span> <span class='ocrx_word' id='word_1_57' title='bbox 673 917 776 984; x_wconf 88' lang='grc' dir='ltr'><strong><em>πάλιν</em></strong></span> <span class='ocrx_word' id='word_1_58' title='bbox 807 917 898 1007; x_wconf 74' lang='grc' dir='ltr'><strong><em>αύτῷ</em></strong></span> <span class='ocrx_word' id='word_1_59' title='bbox 927 917 1135 1007; x_wconf 79' lang='grc' dir='ltr'><strong><em>ἀνέστρεψεν.</em></strong></span> 
     </span>
     <span class='ocr_line' id='line_1_9' title="bbox 116 1021 1135 1110; baseline -0.002 -18"><span class='ocrx_word' id='word_1_60' title='bbox 116 1024 169 1092; x_wconf 77' lang='grc' dir='ltr'><strong><em>ἐπὶ</em></strong></span> <span class='ocrx_word' id='word_1_61' title='bbox 191 1027 312 1091; x_wconf 92' lang='grc' dir='ltr'><strong><em>τούτου</em></strong></span> <span class='ocrx_word' id='word_1_62' title='bbox 334 1021 377 1108; x_wconf 87' lang='grc' dir='ltr'><strong><em>ήν</em></strong></span> <span class='ocrx_word' id='word_1_63' title='bbox 393 1023 597 1110; x_wconf 74' lang='grc' dir='ltr'><strong><em>Ἀβδήμονος</em></strong></span> <span class='ocrx_word' id='word_1_64' title='bbox 618 1035 697 1102; x_wconf 86' lang='grc' dir='ltr'><strong><em>παῖς</em></strong></span> <span class='ocrx_word' id='word_1_65' title='bbox 719 1025 890 1110; x_wconf 81' lang='grc' dir='ltr'><strong><em>νεώτερος,</em></strong></span> <span class='ocrx_word' id='word_1_66' title='bbox 913 1023 955 1103; x_wconf 87' lang='grc' dir='ltr'><strong><em>ὃς</em></strong></span> <span class='ocrx_word' id='word_1_67' title='bbox 979 1023 1034 1092; x_wconf 79' lang='grc' dir='ltr'><strong><em>ἀεὶ</em></strong></span> <span class='ocrx_word' id='word_1_68' title='bbox 1053 1024 1135 1092; x_wconf 80' lang='grc' dir='ltr'><strong><em>ἐνίκα</em></strong></span> 
     </span>
     <span class='ocr_line' id='line_1_10' title="bbox 115 1129 1134 1220; baseline 0.002 -24"><span class='ocrx_word' id='word_1_69' title='bbox 115 1132 206 1197; x_wconf 91' lang='grc' dir='ltr'><strong><em>λύων</em></strong></span> <span class='ocrx_word' id='word_1_70' title='bbox 228 1131 268 1196; x_wconf 79' lang='grc' dir='ltr'><strong><em>τὰ</em></strong></span> <span class='ocrx_word' id='word_1_71' title='bbox 291 1133 523 1217; x_wconf 91' lang='grc' dir='ltr'><strong><em>προβλήματα,</em></strong></span> <span class='ocrx_word' id='word_1_72' title='bbox 548 1131 569 1196; x_wconf 83' lang='grc' dir='ltr'><strong><em>δ</em></strong></span> <span class='ocrx_word' id='word_1_73' title='bbox 594 1129 750 1198; x_wconf 81' lang='grc' dir='ltr'><strong><em>ἐπέτασσε</em></strong></span> <span class='ocrx_word' id='word_1_74' title='bbox 771 1129 940 1216; x_wconf 80' lang='grc' dir='ltr'><strong><em>Σολομὼν</em></strong></span> <span class='ocrx_word' id='word_1_75' title='bbox 966 1129 1134 1220; x_wconf 82' lang='grc' dir='ltr'><strong><em>ὀἹεροσο</em></strong></span> 
     </span>
     <span class='ocr_line' id='line_1_11' title="bbox 116 1232 1164 1322; baseline 0.005 -21"><span class='ocrx_word' id='word_1_76' title='bbox 116 1237 230 1320; x_wconf 91' lang='grc' dir='ltr'><strong><em>λύμων</em></strong></span> <span class='ocrx_word' id='word_1_77' title='bbox 253 1236 429 1322; x_wconf 88' lang='grc' dir='ltr'><strong><em>βασιλεύς.’</em></strong></span> <span class='ocrx_word' id='word_1_78' title='bbox 474 1238 585 1322; x_wconf 83' lang='grc'>&lt;147&gt;</span> <span class='ocrx_word' id='word_1_79' title='bbox 608 1237 809 1322; x_wconf 84' lang='grc' dir='ltr'><strong><em>μνημονεύει</em></strong></span> <span class='ocrx_word' id='word_1_80' title='bbox 836 1232 875 1301; x_wconf 71' lang='grc' dir='ltr'><strong><em>δέ</em></strong></span> <span class='ocrx_word' id='word_1_81' title='bbox 898 1234 959 1302; x_wconf 79' lang='grc' dir='ltr'><strong><em>καὶ</em></strong></span> <span class='ocrx_word' id='word_1_82' title='bbox 983 1244 1072 1317; x_wconf 87' lang='grc' dir='ltr'><strong><em>Δῖος</em></strong></span> <span class='ocrx_word' id='word_1_83' title='bbox 1092 1235 1136 1304; x_wconf 89' lang='grc' dir='ltr'><strong><em>λέ-</em></strong></span> <span class='ocrx_word' id='word_1_84' title='bbox 1146 1253 1164 1293; x_wconf 77' lang='lat'><strong><em>1⁰</em></strong></span> 
     </span>
     <span class='ocr_line' id='line_1_12' title="bbox 118 1341 1136 1429; baseline 0.004 -21"><span class='ocrx_word' id='word_1_85' title='bbox 118 1367 188 1426; x_wconf 90' lang='grc' dir='ltr'><strong><em>γων</em></strong></span> <span class='ocrx_word' id='word_1_86' title='bbox 215 1344 321 1423; x_wconf 71' lang='grc' dir='ltr'><strong><em>οὕτως</em></strong></span> <span class='ocrx_word' id='word_1_87' title='bbox 344 1341 535 1429; x_wconf 62' lang='grc' dir='ltr'><strong><em>’Ἀβιβάλου</em></strong></span> <span class='ocrx_word' id='word_1_88' title='bbox 562 1344 819 1426; x_wconf 87' lang='grc' dir='ltr'><strong><em>τελευτήσαντος</em></strong></span> <span class='ocrx_word' id='word_1_89' title='bbox 840 1342 920 1420; x_wconf 83' lang='grc' dir='ltr'><strong><em>υίὸς</em></strong></span> <span class='ocrx_word' id='word_1_90' title='bbox 948 1344 1060 1412; x_wconf 76' lang='grc' dir='ltr'><strong><em>αὐτοῦ</em></strong></span> <span class='ocrx_word' id='word_1_91' title='bbox 1086 1345 1136 1411; x_wconf 77' lang='grc' dir='ltr'><strong><em>Εἲ-</em></strong></span> 
     </span>
     <span class='ocr_line' id='line_1_13' title="bbox 118 1444 1137 1538; baseline 0.003 -23"><span class='ocrx_word' id='word_1_92' title='bbox 118 1474 222 1537; x_wconf 90' lang='grc' dir='ltr'><strong><em>ραμος</em></strong></span> <span class='ocrx_word' id='word_1_93' title='bbox 245 1450 467 1536; x_wconf 82' lang='grc' dir='ltr'><strong><em>ἐβασίλευσεν.</em></strong></span> <span class='ocrx_word' id='word_1_94' title='bbox 514 1444 611 1527; x_wconf 84' lang='grc' dir='ltr'><strong><em>οὗτος</em></strong></span> <span class='ocrx_word' id='word_1_95' title='bbox 629 1451 669 1515; x_wconf 79' lang='grc' dir='ltr'><strong><em>τά</em></strong></span> <span class='ocrx_word' id='word_1_96' title='bbox 686 1451 770 1537; x_wconf 87' lang='grc' dir='ltr'><strong><em>πρὸς</em></strong></span> <span class='ocrx_word' id='word_1_97' title='bbox 788 1448 953 1526; x_wconf 79' lang='grc' dir='ltr'><strong><em>ἀνατολὰς</em></strong></span> <span class='ocrx_word' id='word_1_98' title='bbox 977 1449 1065 1538; x_wconf 89' lang='grc' dir='ltr'><strong><em>μέρη</em></strong></span> <span class='ocrx_word' id='word_1_99' title='bbox 1086 1460 1137 1534; x_wconf 79' lang='grc' dir='ltr'><strong><em>τής</em></strong></span> 
     </span>
     <span class='ocr_line' id='line_1_14' title="bbox 118 1553 1137 1641; baseline 0.002 -21"><span class='ocrx_word' id='word_1_100' title='bbox 118 1558 244 1632; x_wconf 90' lang='grc' dir='ltr'><strong><em>πόλεως</em></strong></span> <span class='ocrx_word' id='word_1_101' title='bbox 261 1553 460 1641; x_wconf 87' lang='grc' dir='ltr'><strong><em>προσέχωσε,</em></strong></span> <span class='ocrx_word' id='word_1_102' title='bbox 478 1553 534 1620; x_wconf 82' lang='grc' dir='ltr'><strong><em>καὶ</em></strong></span> <span class='ocrx_word' id='word_1_103' title='bbox 555 1557 666 1640; x_wconf 79' lang='grc' dir='ltr'><strong><em>μεῖζον</em></strong></span> <span class='ocrx_word' id='word_1_104' title='bbox 683 1555 721 1620; x_wconf 86' lang='grc' dir='ltr'><strong><em>τὸ</em></strong></span> <span class='ocrx_word' id='word_1_105' title='bbox 740 1555 824 1620; x_wconf 79' lang='grc' dir='ltr'><strong><em>ἄστυ</em></strong></span> <span class='ocrx_word' id='word_1_106' title='bbox 843 1553 991 1638; x_wconf 81' lang='grc' dir='ltr'><strong><em>ἐποίησε,</em></strong></span> <span class='ocrx_word' id='word_1_107' title='bbox 1010 1555 1068 1622; x_wconf 83' lang='grc' dir='ltr'><strong><em>καὶ</em></strong></span> <span class='ocrx_word' id='word_1_108' title='bbox 1085 1563 1137 1622; x_wconf 91' lang='grc' dir='ltr'><strong><em>τοῦ</em></strong></span> 
     </span>
     <span class='ocr_line' id='line_1_15' title="bbox 115 1657 1138 1750; baseline 0.004 -26"><span class='ocrx_word' id='word_1_109' title='bbox 115 1657 295 1744; x_wconf 86' lang='grc' dir='ltr'><strong><em>Ὀλυμπίου</em></strong></span> <span class='ocrx_word' id='word_1_110' title='bbox 313 1662 398 1738; x_wconf 87' lang='grc' dir='ltr'><strong><em>Διὸς</em></strong></span> <span class='ocrx_word' id='word_1_111' title='bbox 420 1662 457 1726; x_wconf 90' lang='grc' dir='ltr'><strong><em>τὸ</em></strong></span> <span class='ocrx_word' id='word_1_112' title='bbox 480 1661 572 1747; x_wconf 84' lang='grc' dir='ltr'><strong><em>ίερὸν</em></strong></span> <span class='ocrx_word' id='word_1_113' title='bbox 593 1657 673 1725; x_wconf 88' lang='grc' dir='ltr'><strong><em>καθ’</em></strong></span> <span class='ocrx_word' id='word_1_114' title='bbox 695 1658 793 1726; x_wconf 83' lang='grc' dir='ltr'><strong><em>ἑαυτὸ</em></strong></span> <span class='ocrx_word' id='word_1_115' title='bbox 812 1659 853 1726; x_wconf 85' lang='grc' dir='ltr'><strong><em>όν</em></strong></span> <span class='ocrx_word' id='word_1_116' title='bbox 872 1658 910 1727; x_wconf 86' lang='grc' dir='ltr'><strong><em>έν</em></strong></span> <span class='ocrx_word' id='word_1_117' title='bbox 927 1662 1025 1750; x_wconf 78' lang='grc' dir='ltr'><strong><em>νήσω</em></strong></span> <span class='ocrx_word' id='word_1_118' title='bbox 1046 1660 1138 1747; x_wconf 79' lang='grc' dir='ltr'><strong><em>έγχύ</em></strong></span> 
     </span>
     <span class='ocr_line' id='line_1_16' title="bbox 119 1763 1165 1856; baseline 0.002 -24"><span class='ocrx_word' id='word_1_119' title='bbox 119 1782 179 1844; x_wconf 85' lang='grc' dir='ltr'><strong><em>σας</em></strong></span> <span class='ocrx_word' id='word_1_120' title='bbox 206 1768 265 1833; x_wconf 89' lang='grc' dir='ltr'><strong><em>τὸν</em></strong></span> <span class='ocrx_word' id='word_1_121' title='bbox 291 1766 411 1852; x_wconf 86' lang='grc' dir='ltr'><strong><em>μεταξὺ</em></strong></span> <span class='ocrx_word' id='word_1_122' title='bbox 438 1768 542 1833; x_wconf 88' lang='grc' dir='ltr'><strong><em>τόπον</em></strong></span> <span class='ocrx_word' id='word_1_123' title='bbox 570 1776 699 1852; x_wconf 81' lang='grc' dir='ltr'><strong><em>συνήήε</em></strong></span> <span class='ocrx_word' id='word_1_124' title='bbox 727 1775 767 1852; x_wconf 79' lang='grc' dir='ltr'><strong><em>νή</em></strong></span> <span class='ocrx_word' id='word_1_125' title='bbox 794 1769 890 1833; x_wconf 90' lang='grc' dir='ltr'><strong><em>πόλει</em></strong></span> <span class='ocrx_word' id='word_1_126' title='bbox 918 1763 976 1832; x_wconf 79' lang='grc' dir='ltr'><strong><em>καὶ</em></strong></span> <span class='ocrx_word' id='word_1_127' title='bbox 1006 1779 1165 1856; x_wconf 71' lang='grc' dir='ltr'><strong><em>χρυσοῖςῦ</em></strong></span> 
     </span>
     <span class='ocr_line' id='line_1_17' title="bbox 119 1869 1139 1960; baseline 0.002 -21"><span class='ocrx_word' id='word_1_128' title='bbox 119 1873 332 1960; x_wconf 84' lang='grc' dir='ltr'><strong><em>ἀναθήμασιν</em></strong></span> <span class='ocrx_word' id='word_1_129' title='bbox 365 1872 554 1960; x_wconf 76' lang='grc' dir='ltr'><strong><em>ἐκόσμησεν.</em></strong></span> <span class='ocrx_word' id='word_1_130' title='bbox 604 1873 730 1958; x_wconf 78' lang='grc' dir='ltr'><strong><em>ἀναβὰς</em></strong></span> <span class='ocrx_word' id='word_1_131' title='bbox 756 1869 788 1938; x_wconf 89' lang='grc' dir='ltr'><strong><em>δ’</em></strong></span> <span class='ocrx_word' id='word_1_132' title='bbox 818 1874 867 1950; x_wconf 83' lang='grc' dir='ltr'><strong><em>είς</em></strong></span> <span class='ocrx_word' id='word_1_133' title='bbox 898 1874 959 1938; x_wconf 86' lang='grc' dir='ltr'><strong><em>τὸν</em></strong></span> <span class='ocrx_word' id='word_1_134' title='bbox 988 1878 1139 1960; x_wconf 88' lang='grc' dir='ltr'><strong><em>Λίβανον</em></strong></span> 
     </span>
     <span class='ocr_line' id='line_1_18' title="bbox 119 1975 1139 2067; baseline 0 -21"><span class='ocrx_word' id='word_1_135' title='bbox 119 1981 303 2066; x_wconf 88' lang='grc' dir='ltr'><strong><em>ὑλοτόμησε</em></strong></span> <span class='ocrx_word' id='word_1_136' title='bbox 320 1982 404 2067; x_wconf 82' lang='grc' dir='ltr'><strong><em>πρὸς</em></strong></span> <span class='ocrx_word' id='word_1_137' title='bbox 421 1980 483 2062; x_wconf 89' lang='grc' dir='ltr'><strong><em>τήν</em></strong></span> <span class='ocrx_word' id='word_1_138' title='bbox 500 1989 569 2044; x_wconf 82' lang='grc' dir='ltr'><strong><em>τῶν</em></strong></span> <span class='ocrx_word' id='word_1_139' title='bbox 587 1980 687 2065; x_wconf 80' lang='grc' dir='ltr'><strong><em>ίερῖον</em></strong></span> <span class='ocrx_word' id='word_1_140' title='bbox 703 1977 918 2060; x_wconf 75' lang='grc' dir='ltr'><strong><em>κατασκευήν.</em></strong></span> <span class='ocrx_word' id='word_1_141' title='bbox 955 1975 1072 2064; x_wconf 85' lang='grc'>&lt;148&gt;</span> <span class='ocrx_word' id='word_1_142' title='bbox 1084 1982 1139 2046; x_wconf 89' lang='grc' dir='ltr'><strong><em>τὸν</em></strong></span> 
     </span>
     <span class='ocr_line' id='line_1_19' title="bbox 120 2080 1138 2171; baseline -0.001 -22"><span class='ocrx_word' id='word_1_143' title='bbox 120 2081 157 2150; x_wconf 73' lang='grc' dir='ltr'><strong><em>δέ</em></strong></span> <span class='ocrx_word' id='word_1_144' title='bbox 179 2094 411 2170; x_wconf 86' lang='grc' dir='ltr'><strong><em>τυραννοῦντα</em></strong></span> <span class='ocrx_word' id='word_1_145' title='bbox 430 2082 669 2171; x_wconf 82' lang='grc' dir='ltr'><strong><em>Ἱεροσολύμων</em></strong></span> <span class='ocrx_word' id='word_1_146' title='bbox 691 2088 877 2168; x_wconf 80' lang='grc' dir='ltr'><strong><em>Σολομῶνα</em></strong></span> <span class='ocrx_word' id='word_1_147' title='bbox 900 2080 1031 2167; x_wconf 78' lang='grc' dir='ltr'><strong><em>πέμψαι</em></strong></span> <span class='ocrx_word' id='word_1_148' title='bbox 1062 2083 1138 2171; x_wconf 79' lang='grc' dir='ltr'><strong><em>φασὶ</em></strong></span> 
     </span>
     <span class='ocr_line' id='line_1_20' title="bbox 119 2187 1139 2276; baseline 0.005 -23"><span class='ocrx_word' id='word_1_149' title='bbox 119 2191 202 2273; x_wconf 82' lang='grc' dir='ltr'><strong><em>πρὸς</em></strong></span> <span class='ocrx_word' id='word_1_150' title='bbox 229 2191 289 2254; x_wconf 88' lang='grc' dir='ltr'><strong><em>τὸν</em></strong></span> <span class='ocrx_word' id='word_1_151' title='bbox 315 2191 469 2274; x_wconf 82' lang='grc' dir='ltr'><strong><em>Εἴραμον</em></strong></span> <span class='ocrx_word' id='word_1_152' title='bbox 496 2192 689 2274; x_wconf 88' lang='grc' dir='ltr'><strong><em>αίνίγματα,</em></strong></span> <span class='ocrx_word' id='word_1_153' title='bbox 718 2187 773 2255; x_wconf 82' lang='grc' dir='ltr'><strong><em>καὶ</em></strong></span> <span class='ocrx_word' id='word_1_154' title='bbox 792 2190 899 2254; x_wconf 89' lang='grc' dir='ltr'><strong><em>λύσιν</em></strong></span> <span class='ocrx_word' id='word_1_155' title='bbox 925 2188 1005 2276; x_wconf 89' lang='grc' dir='ltr'><strong><em>παρ’</em></strong></span> <span class='ocrx_word' id='word_1_156' title='bbox 1038 2193 1139 2258; x_wconf 83' lang='grc' dir='ltr'><strong><em>αὐτοῦ</em></strong></span> 
     </span>
     <span class='ocr_line' id='line_1_21' title="bbox 120 2290 1175 2391; baseline 0.003 -33"><span class='ocrx_word' id='word_1_157' title='bbox 120 2295 235 2376; x_wconf 77' lang='grc' dir='ltr'><strong><em>λαβεῖν</em></strong></span> <span class='ocrx_word' id='word_1_158' title='bbox 258 2290 384 2376; x_wconf 78' lang='grc' dir='ltr'><strong><em>ἀξιοῦν,</em></strong></span> <span class='ocrx_word' id='word_1_159' title='bbox 407 2294 466 2357; x_wconf 90' lang='grc' dir='ltr'><strong><em>τὸν</em></strong></span> <span class='ocrx_word' id='word_1_160' title='bbox 490 2291 528 2357; x_wconf 78' lang='grc' dir='ltr'><strong><em>δὲ</em></strong></span> <span class='ocrx_word' id='word_1_161' title='bbox 546 2294 589 2377; x_wconf 87' lang='grc' dir='ltr'><strong><em>μή</em></strong></span> <span class='ocrx_word' id='word_1_162' title='bbox 609 2293 801 2378; x_wconf 74' lang='grc' dir='ltr'><strong><em>δυνηθέντα</em></strong></span> <span class='ocrx_word' id='word_1_163' title='bbox 822 2295 991 2381; x_wconf 88' lang='grc' dir='ltr'><strong><em>διακρῖναι</em></strong></span> <span class='ocrx_word' id='word_1_164' title='bbox 1014 2307 1064 2386; x_wconf 73' lang='grc' dir='ltr'><strong><em>τῷ</em></strong></span> <span class='ocrx_word' id='word_1_165' title='bbox 1087 2299 1175 2391; x_wconf 41' lang='grc' dir='ltr'><strong><em>λύ-(ιῖ</em></strong></span> 
     </span>
     <span class='ocr_line' id='line_1_22' title="bbox 120 2395 1140 2486; baseline 0.006 -24"><span class='ocrx_word' id='word_1_166' title='bbox 120 2414 215 2462; x_wconf 88' lang='grc' dir='ltr'><strong><em>σαντι</em></strong></span> <span class='ocrx_word' id='word_1_167' title='bbox 237 2395 376 2483; x_wconf 84' lang='grc' dir='ltr'><strong><em>χρήματ’</em></strong></span> <span class='ocrx_word' id='word_1_168' title='bbox 397 2398 577 2464; x_wconf 84' lang='grc' dir='ltr'><strong><em>ἀποτίνειν.</em></strong></span> <span class='ocrx_word' id='word_1_169' title='bbox 624 2399 734 2484; x_wconf 84' lang='grc'>&lt;149&gt;</span> <span class='ocrx_word' id='word_1_170' title='bbox 754 2401 1006 2486; x_wconf 82' lang='grc' dir='ltr'><strong><em>ὁμολογήσαντα</em></strong></span> <span class='ocrx_word' id='word_1_171' title='bbox 1025 2401 1066 2470; x_wconf 75' lang='grc' dir='ltr'><strong><em>δὲ</em></strong></span> <span class='ocrx_word' id='word_1_172' title='bbox 1084 2407 1140 2470; x_wconf 86' lang='grc' dir='ltr'><strong><em>τὸν</em></strong></span> 
     </span>
     <span class='ocr_line' id='line_1_23' title="bbox 119 2501 1139 2593; baseline 0.006 -25"><span class='ocrx_word' id='word_1_173' title='bbox 119 2503 271 2590; x_wconf 76' lang='grc' dir='ltr'><strong><em>Εἴρωμον</em></strong></span> <span class='ocrx_word' id='word_1_174' title='bbox 293 2501 349 2569; x_wconf 85' lang='grc' dir='ltr'><strong><em>καὶ</em></strong></span> <span class='ocrx_word' id='word_1_175' title='bbox 372 2505 416 2591; x_wconf 90' lang='grc' dir='ltr'><strong><em>μή</em></strong></span> <span class='ocrx_word' id='word_1_176' title='bbox 440 2503 630 2589; x_wconf 76' lang='grc' dir='ltr'><strong><em>δυνηθέντα</em></strong></span> <span class='ocrx_word' id='word_1_177' title='bbox 653 2511 752 2572; x_wconf 90' lang='grc' dir='ltr'><strong><em>λῦσαι</em></strong></span> <span class='ocrx_word' id='word_1_178' title='bbox 775 2509 815 2574; x_wconf 81' lang='grc' dir='ltr'><strong><em>τά</em></strong></span> <span class='ocrx_word' id='word_1_179' title='bbox 833 2509 1013 2593; x_wconf 81' lang='grc' dir='ltr'><strong><em>αἰνίγματα</em></strong></span> <span class='ocrx_word' id='word_1_180' title='bbox 1033 2511 1139 2576; x_wconf 79' lang='grc' dir='ltr'><strong><em>πολλὰ</em></strong></span> 
     </span>
     <span class='ocr_line' id='line_1_24' title="bbox 119 2608 1137 2699; baseline 0.004 -23"><span class='ocrx_word' id='word_1_181' title='bbox 119 2621 187 2678; x_wconf 84' lang='grc' dir='ltr'><strong><em>τῶν</em></strong></span> <span class='ocrx_word' id='word_1_182' title='bbox 217 2612 395 2699; x_wconf 82' lang='grc' dir='ltr'><strong><em>χρημάτων</em></strong></span> <span class='ocrx_word' id='word_1_183' title='bbox 422 2615 470 2693; x_wconf 86' lang='grc' dir='ltr'><strong><em>είς</em></strong></span> <span class='ocrx_word' id='word_1_184' title='bbox 495 2613 534 2680; x_wconf 90' lang='grc' dir='ltr'><strong><em>τὸ</em></strong></span> <span class='ocrx_word' id='word_1_185' title='bbox 562 2611 733 2699; x_wconf 77' lang='grc' dir='ltr'><strong><em>ἐπιζήμιον</em></strong></span> <span class='ocrx_word' id='word_1_186' title='bbox 764 2613 942 2679; x_wconf 81' lang='grc' dir='ltr'><strong><em>ἀναλῶσαι.</em></strong></span> <span class='ocrx_word' id='word_1_187' title='bbox 989 2608 1062 2679; x_wconf 83' lang='grc' dir='ltr'><strong><em>εἷτα</em></strong></span> <span class='ocrx_word' id='word_1_188' title='bbox 1095 2612 1137 2680; x_wconf 84' lang='grc' dir='ltr'><strong><em>δι’</em></strong></span> 
     </span>
     <span class='ocr_line' id='line_1_25' title="bbox 117 2717 1140 2810; baseline -0.001 -24"><span class='ocrx_word' id='word_1_189' title='bbox 117 2717 304 2806; x_wconf 88' lang='grc' dir='ltr'><strong><em>Ἀβδήμονά</em></strong></span> <span class='ocrx_word' id='word_1_190' title='bbox 321 2746 397 2788; x_wconf 91' lang='grc' dir='ltr'><strong><em>τινα</em></strong></span> <span class='ocrx_word' id='word_1_191' title='bbox 415 2724 540 2810; x_wconf 89' lang='grc' dir='ltr'><strong><em>Τύριον</em></strong></span> <span class='ocrx_word' id='word_1_192' title='bbox 557 2723 666 2809; x_wconf 83' lang='grc' dir='ltr'><strong><em>άνδρα</em></strong></span> <span class='ocrx_word' id='word_1_193' title='bbox 684 2722 724 2787; x_wconf 87' lang='grc' dir='ltr'><strong><em>τδι</em></strong></span> <span class='ocrx_word' id='word_1_194' title='bbox 742 2717 948 2807; x_wconf 78' lang='grc' dir='ltr'><strong><em>προτεθέντα</em></strong></span> <span class='ocrx_word' id='word_1_195' title='bbox 966 2725 1068 2785; x_wconf 89' lang='grc' dir='ltr'><strong><em>λῦσαι</em></strong></span> <span class='ocrx_word' id='word_1_196' title='bbox 1086 2718 1140 2787; x_wconf 83' lang='grc' dir='ltr'><strong><em>καὶ</em></strong></span> 
     </span>
     <span class='ocr_line' id='line_1_26' title="bbox 121 2826 1174 2914; baseline 0 -24"><span class='ocrx_word' id='word_1_197' title='bbox 121 2826 224 2892; x_wconf 87' lang='grc' dir='ltr'><strong><em>αὐτὸν</em></strong></span> <span class='ocrx_word' id='word_1_198' title='bbox 250 2829 335 2894; x_wconf 75' lang='grc' dir='ltr'><strong><em>ἄλλα</em></strong></span> <span class='ocrx_word' id='word_1_199' title='bbox 362 2833 558 2914; x_wconf 76' lang='grc' dir='ltr'><strong><em>προβαλεῖν,</em></strong></span> <span class='ocrx_word' id='word_1_200' title='bbox 585 2827 606 2893; x_wconf 79' lang='grc' dir='ltr'><strong><em>ἃ</em></strong></span> <span class='ocrx_word' id='word_1_201' title='bbox 629 2828 673 2914; x_wconf 88' lang='grc' dir='ltr'><strong><em>μή</em></strong></span> <span class='ocrx_word' id='word_1_202' title='bbox 696 2827 842 2893; x_wconf 90' lang='grc' dir='ltr'><strong><em>λύσαντα</em></strong></span> <span class='ocrx_word' id='word_1_203' title='bbox 868 2826 928 2891; x_wconf 89' lang='grc' dir='ltr'><strong><em>τὸν</em></strong></span> <span class='ocrx_word' id='word_1_204' title='bbox 952 2830 1140 2911; x_wconf 81' lang='grc' dir='ltr'><strong><em>Σολομῶνα</em></strong></span> <span class='ocrx_word' id='word_1_205' title='bbox 1152 2841 1174 2884; x_wconf 74' lang='lat'><strong><em>2⁵</em></strong></span> 
     </span>
     <span class='ocr_line' id='line_1_27' title="bbox 121 2932 913 3023; baseline -0.001 -26"><span class='ocrx_word' id='word_1_206' title='bbox 121 2935 227 2999; x_wconf 82' lang='grc' dir='ltr'><strong><em>πολλὰ</em></strong></span> <span class='ocrx_word' id='word_1_207' title='bbox 249 2942 295 3019; x_wconf 80' lang='grc' dir='ltr'><strong><em>τῷ</em></strong></span> <span class='ocrx_word' id='word_1_208' title='bbox 317 2934 454 3023; x_wconf 78' lang='grc' dir='ltr'><strong><em>Είράμω</em></strong></span> <span class='ocrx_word' id='word_1_209' title='bbox 478 2946 720 3019; x_wconf 79' lang='grc' dir='ltr'><strong><em>προσαποτῖσαι</em></strong></span> <span class='ocrx_word' id='word_1_210' title='bbox 743 2932 913 3019; x_wconf 87' lang='grc' dir='ltr'><strong><em>χρήματα.’</em></strong></span> 
     </span>
    </p>

    <p class='ocr_par' dir='ltr' id='par_1_3' title="bbox 82 3033 1175 3442">
     <span class='ocr_line' id='line_1_28' title="bbox 82 3033 1141 3124; baseline 0.002 -21"><span class='ocrx_word' id='word_1_211' title='bbox 82 3039 101 3103; x_wconf 85' lang='grc'><strong>6</strong></span> <span class='ocrx_word' id='word_1_212' title='bbox 187 3035 243 3103; x_wconf 80' lang='grc' dir='ltr'><strong><em>καὶ</em></strong></span> <span class='ocrx_word' id='word_1_213' title='bbox 265 3041 350 3113; x_wconf 87' lang='grc' dir='ltr'><strong><em>Δῖος</em></strong></span> <span class='ocrx_word' id='word_1_214' title='bbox 372 3033 433 3122; x_wconf 74' lang='grc' dir='ltr'><strong><em>μὲν</em></strong></span> <span class='ocrx_word' id='word_1_215' title='bbox 456 3038 561 3114; x_wconf 77' lang='grc' dir='ltr'><strong><em>οὕτως</em></strong></span> <span class='ocrx_word' id='word_1_216' title='bbox 583 3043 726 3124; x_wconf 88' lang='grc' dir='ltr'><strong><em>εῖρηκεν·</em></strong></span> <span class='ocrx_word' id='word_1_217' title='bbox 750 3039 868 3123; x_wconf 80' lang='grc' dir='ltr'>&lt;15Ο&gt;</span> <span class='ocrx_word' id='word_1_218' title='bbox 896 3035 966 3103; x_wconf 78' lang='grc' dir='ltr'><strong><em>ἐπεὶ</em></strong></span> <span class='ocrx_word' id='word_1_219' title='bbox 994 3036 1026 3103; x_wconf 90' lang='grc' dir='ltr'><strong><em>δ’</em></strong></span> <span class='ocrx_word' id='word_1_220' title='bbox 1053 3037 1141 3124; x_wconf 80' lang='grc' dir='ltr'><strong><em>ἑώρα</em></strong></span> 
     </span>
     <span class='ocr_line' id='line_1_29' title="bbox 121 3141 1143 3232; baseline 0.004 -25"><span class='ocrx_word' id='word_1_221' title='bbox 121 3143 161 3208; x_wconf 85' lang='grc' dir='ltr'><strong><em>τδ</em></strong></span> <span class='ocrx_word' id='word_1_222' title='bbox 188 3155 256 3210; x_wconf 81' lang='grc' dir='ltr'><strong><em>τῶν</em></strong></span> <span class='ocrx_word' id='word_1_223' title='bbox 279 3141 518 3230; x_wconf 85' lang='grc' dir='ltr'><strong><em>Ἱεροσολύμων</em></strong></span> <span class='ocrx_word' id='word_1_224' title='bbox 544 3145 634 3227; x_wconf 85' lang='grc' dir='ltr'><strong><em>τείχη</em></strong></span> <span class='ocrx_word' id='word_1_225' title='bbox 662 3141 681 3208; x_wconf 85' lang='grc' dir='ltr'><strong><em>δ</em></strong></span> <span class='ocrx_word' id='word_1_226' title='bbox 709 3148 865 3227; x_wconf 87' lang='grc' dir='ltr'><strong><em>βασιλεὺς</em></strong></span> <span class='ocrx_word' id='word_1_227' title='bbox 891 3145 1030 3230; x_wconf 93' lang='grc' dir='ltr'><strong><em>πύργων</em></strong></span> <span class='ocrx_word' id='word_1_228' title='bbox 1057 3148 1143 3232; x_wconf 86' lang='grc' dir='ltr'><strong><em>πρὸς</em></strong></span> 
     </span>
     <span class='ocr_line' id='line_1_30' title="bbox 122 3246 1141 3336; baseline 0.002 -22"><span class='ocrx_word' id='word_1_229' title='bbox 122 3248 307 3336; x_wconf 81' lang='grc' dir='ltr'><strong><em>ἀσφάλειαν</em></strong></span> <span class='ocrx_word' id='word_1_230' title='bbox 334 3250 474 3334; x_wconf 83' lang='grc' dir='ltr'><strong><em>δεόμενα</em></strong></span> <span class='ocrx_word' id='word_1_231' title='bbox 505 3246 560 3314; x_wconf 86' lang='grc' dir='ltr'><strong><em>καὶ</em></strong></span> <span class='ocrx_word' id='word_1_232' title='bbox 592 3256 651 3331; x_wconf 87' lang='grc' dir='ltr'><strong><em>τής</em></strong></span> <span class='ocrx_word' id='word_1_233' title='bbox 682 3248 785 3332; x_wconf 83' lang='grc' dir='ltr'><strong><em>άλλης</em></strong></span> <span class='ocrx_word' id='word_1_234' title='bbox 817 3251 1016 3336; x_wconf 86' lang='grc' dir='ltr'><strong><em>ὀχυρότητος</em></strong></span> <span class='ocrx_word' id='word_1_235' title='bbox 1044 3253 1141 3336; x_wconf 83' lang='grc' dir='ltr'><strong><em>(πρὸς</em></strong></span> 
     </span>
     <span class='ocr_line' id='line_1_31' title="bbox 122 3352 1175 3442; baseline 0.004 -23"><span class='ocrx_word' id='word_1_236' title='bbox 122 3358 184 3441; x_wconf 81' lang='grc' dir='ltr'><strong><em>γὰρ</em></strong></span> <span class='ocrx_word' id='word_1_237' title='bbox 212 3356 358 3442; x_wconf 86' lang='grc' dir='ltr'><strong><em>τάξίωμα</em></strong></span> <span class='ocrx_word' id='word_1_238' title='bbox 384 3365 443 3441; x_wconf 88' lang='grc' dir='ltr'><strong><em>τής</em></strong></span> <span class='ocrx_word' id='word_1_239' title='bbox 469 3357 596 3432; x_wconf 83' lang='grc' dir='ltr'><strong><em>πόλεως</em></strong></span> <span class='ocrx_word' id='word_1_240' title='bbox 621 3352 732 3436; x_wconf 88' lang='grc' dir='ltr'><strong><em>ήγεῖτο</em></strong></span> <span class='ocrx_word' id='word_1_241' title='bbox 761 3355 833 3420; x_wconf 90' lang='grc' dir='ltr'><strong><em>δεῖν</em></strong></span> <span class='ocrx_word' id='word_1_242' title='bbox 860 3355 915 3422; x_wconf 87' lang='grc' dir='ltr'><strong><em>καὶ</em></strong></span> <span class='ocrx_word' id='word_1_243' title='bbox 943 3359 1021 3434; x_wconf 87' lang='grc' dir='ltr'><strong><em>τοὺς</em></strong></span> <span class='ocrx_word' id='word_1_244' title='bbox 1048 3379 1140 3442; x_wconf 83' lang='grc' dir='ltr'><strong><em>περι·</em></strong></span> <span class='ocrx_word' id='word_1_245' title='bbox 1154 3373 1175 3414; x_wconf 76' lang='lat'><strong><em>³⁰</em></strong></span> 
     </span>
    </p>

    <p class='ocr_par' dir='ltr' id='par_1_4' title="bbox 193 3475 554 3545">
     <span class='ocr_line' id='line_1_32' title="bbox 193 3475 554 3545; baseline -0.006 -15"><span class='ocrx_word' id='word_1_246' title='bbox 193 3481 275 3541; x_wconf 78' lang='lat'>§150</span> <span class='ocrx_word' id='word_1_247' title='bbox 295 3503 328 3522; x_wconf 89' lang='lat'>=</span> <span class='ocrx_word' id='word_1_248' title='bbox 347 3475 554 3545; x_wconf 78' lang='lat' dir='ltr'>3Reg.1x15.</span> 
     </span>
    </p>
   </div>
   <div class='ocr_carea' id='block_1_3' title="bbox 0 0 1216 3840">
    <p class='ocr_par' dir='ltr' id='par_1_5' title="bbox 0 0 1216 3840">
     <span class='ocr_line' id='line_1_33' title="bbox 0 0 1216 3840; baseline 0 0"><span class='ocrx_word' id='word_1_249' title='bbox 0 0 1216 3840; x_wconf 95' lang='lat' dir='ltr'><strong><em> </em></strong></span> 
     </span>
    </p>
   </div>
  </div>
 </body>
</html>
