2400 3840
106 124 172 190 292
476 121 750 175 Apmvorm

174 287 213 350 τά
237 280 299 368 μὲν
321 278 384 350 οὖν
404 281 482 369 περὶ
499 292 560 349 τοῦ
578 280 741 367 βασιλέως
756 280 905 364 Ἰωάσου,
929 282 978 359 ὡς
998 283 1065 366 τήν
1083 293 1142 367 τής

108 393 277 468 Γοθολίας
305 388 487 475 ἐπιβουλήν
515 388 654 474 διέφυγε
682 387 737 454 καί
760 388 821 471 τήν
848 388 1043 471 βασιλείαν
1057 411 1142 474 παρ-

76 505 88 569 3
109 497 238 582 ἐλαβεν,
262 494 298 561 ἐν
320 497 452 573 τούτοις
474 496 720 580 δεδηλώκαμεν·
744 494 855 578 <159>
874 491 1040 576 Ἀζάηλος
1064 494 1096 560 δ’
1124 497 1141 561 6

109 616 176 670 τῶν
195 603 320 689 Σύρων
343 603 498 686 βασιλεῦς
515 608 670 687 πολεμῶν
687 607 758 678 τοίς
771 598 995 686 Ἰσραηλίταις
1017 592 1078 666 καί
1096 612 1143 689 τῷ

109 714 242 795 βασιλεῖ
267 707 379 773 αύτῶν
403 705 503 791 Ἰηοῦ,
536 704 710 792 διέφθειρε
741 715 800 790 τής
825 704 935 792 πέραν
958 705 1166 794 Ἰορδάνου5

109 817 219 902 χώρας
250 816 291 881 τά
322 815 406 901 πρὸς
437 813 498 895 τήν
530 812 696 895 ἀνατολήν
727 823 795 878 τῶν
820 810 1052 896 Ῥουβηνιτῶν
1085 813 1141 880 καὶ

111 923 265 987 Γαδιτῶν
287 918 343 985 καὶ
365 922 606 1002 Μανασσιτῶν,
631 920 680 984 ἔτι
702 915 740 983 δὲ
762 916 818 984 καί
840 918 902 1001 τήν
927 922 1141 987 Γαλααδίτιν

110 1025 166 1093 καὶ
194 1027 401 1108 Βαταναίαν,
432 1030 614 1112 πυρπολῶν
640 1024 748 1090 πάντα
774 1022 830 1090 καὶ
857 1024 1058 1111 διαρπάζων
1086 1026 1140 1093 καὶ

111 1143 182 1210 τοϊς
205 1134 252 1208 εἰς
274 1141 387 1216 χεῖρας
409 1129 579 1197 ἀπαντῶσι
601 1134 680 1216 βίαν
702 1128 911 1218 προσφέρων.
957 1132 1076 1216 <160>
1100 1134 1140 1199 οὐ

111 1239 174 1325 γάρ
204 1239 294 1322 ἔφθη
323 1236 426 1303 αὐτὸν
445 1234 551 1321 Ἰηοῦς
573 1237 766 1323 ἀμύνασθαι
791 1245 959 1303 κακοῦντα
986 1239 1055 1321 τήν
1077 1242 1141 1324 χώ-
1153 1256 1175 1295 10

112 1369 191 1430 ραν,
220 1343 303 1409 ἀλλὰ
325 1342 381 1410 καὶ
403 1355 472 1411 τῶν
495 1346 543 1422 εἰς
564 1347 602 1410 τὸ
625 1351 723 1412 θείου
744 1344 930 1429 ὑπερόπτης
952 1348 1141 1429 γενόμενος

113 1450 168 1518 καὶ
191 1453 445 1537 καταφρονήσας
471 1460 530 1536 τής
552 1453 646 1529 ὁσίας
667 1447 723 1515 καί
745 1460 813 1516 τῶν
833 1451 948 1534 νέμων
972 1449 1140 1535 ἀπέθανε,

113 1558 314 1640 βασιλεύσας
329 1559 383 1639 ἔτη
397 1566 465 1622 τῶν
476 1553 687 1642 Ἰσραηλιτῶν
706 1553 786 1621 ἑπτά
804 1551 860 1620 καλ
876 1558 991 1620 εἰκοσι.
1030 1555 1140 1643 ἐτάφη

115 1658 145 1725 δ’
173 1659 209 1725 ἐν
232 1666 416 1749 Σαμαρείᾳ,
438 1671 497 1746 τής
520 1661 622 1749 άρχής
644 1660 802 1745 διάδοχον
817 1657 948 1738 Ἰώαζον
971 1663 1035 1726 τὸν
1060 1665 1140 1730 υἰὸν

114 1768 313 1833 καταλιπών.
1083 1842 1085 1844 ,
1154 1784 1175 1826 1⁵

79 1893 96 1943 2
183 1875 303 1960 <161>
329 1875 389 1941 τὸν
417 1872 454 1940 δὲ
480 1885 548 1940 τῶν
571 1872 808 1961 Ἱεροσολύμων
835 1871 973 1957 βασιλέα
999 1871 1141 1941 Ἰώασον

116 1982 201 2069 ὁρμή
229 2005 279 2059 τις
307 1983 403 2065 ἔλαβε
430 1982 490 2046 τὸν
512 1982 596 2045 ναὸν
624 1979 835 2045 ἀνακαινίσαι
861 1987 922 2044 τοῦ
950 1985 1053 2064 θεοῦ,
1083 1982 1141 2047 καὶ

116 2090 175 2153 τὸν
195 2086 348 2174 ἀρχιερέα
366 2085 505 2164 καλέσας
520 2084 656 2152 Ἰώδαον
674 2087 721 2162 εἰς
739 2086 870 2151 ἅπασαν
884 2082 1038 2151 ἐκέλευσε
1057 2087 1141 2171 πέμ-

116 2206 177 2271 φαι
206 2194 266 2273 τήν
294 2193 406 2276 χώραν
435 2195 512 2267 τοὺς
539 2194 683 2269 Λευίτας
713 2191 768 2257 καὶ
799 2193 906 2277 ἰερέας
937 2193 1140 2273 αἰτήσοντας

117 2294 200 2382 ὑπὲρ
220 2295 356 2377 ἑκάστης
369 2302 515 2379 κεφαλῆς
528 2294 704 2380 ἡμίσικλον
723 2298 871 2386 άργύρου
890 2300 938 2374 εἰς
957 2296 1140 2382 ἐπισκευήν
1154 2315 1179 2354 2⁰

117 2401 173 2467 καὶ
196 2398 382 2466 ἀνανέωσιν
404 2409 465 2466 τοῦ
487 2409 586 2482 ναοῦ,
613 2401 861 2481 καταλυθέντος
887 2404 952 2469 ὑπὸ
973 2401 1139 2489 Ἰωράμου

118 2505 174 2573 καὶ
193 2508 360 2584 Γοῦολίας
381 2503 438 2572 καὶ
460 2516 528 2571 τῶν
550 2506 680 2571 παίδων
703 2508 813 2592 αύτής.
854 2508 965 2591 <162>
987 2509 1005 2574 6
1024 2508 1057 2573 δ’
1081 2511 1139 2595 άρ-

119 2617 248 2700 χιερεὺς
275 2623 372 2681 τοῦτο
395 2610 456 2700 μὲν
479 2613 541 2681 οὐκ
564 2611 710 2698 ἐποίησε,
739 2611 852 2690 συνεὶς
879 2615 924 2692 ὡς
947 2613 1060 2691 οὐδεὶς
1085 2616 1139 2681 εὐ-

119 2723 299 2805 γνωμόνως
321 2721 499 2808 προήσεται
521 2718 714 2807 τάργύριον·
737 2721 836 2807 τρίτφ
860 2714 898 2783 δὲ
920 2717 976 2784 καὶ
999 2723 1139 2811 εἰκοστῷ

120 2833 179 2908 τῆς
200 2829 370 2910 βασιλείας
398 2829 461 2892 ἔτει
484 2823 781 2911 μεταπεμψαμένου
808 2832 868 2890 τοῦ
893 2825 1056 2909 βασιλέως
1080 2829 1139 2894 αῦ-
1154 2844 1180 2885 2⁵

120 2932 180 2995 τόν
203 2930 316 2996 τεκαὶ
339 2935 496 3014 Λευίτας,
523 2929 579 2996 καὶ
602 2932 647 3008 ὡς
668 2931 941 3018 παρακούσαντας
964 2926 1012 2998 ὧν
1035 2953 1140 3018 προσ-

122 3034 234 3115 έταξεν
266 3034 480 3120 αἰτιωμένου,
516 3034 571 3100 καὶ
606 3038 822 3115 κελεύσαντος
859 3041 906 3116 εἰς
942 3041 979 3103 τὸ
1014 3038 1140 3123 μέλλον

121 3148 340 3227 προνοείσδαι
371 3147 430 3224 τής
462 3140 636 3223 ἐπισκευῆς
666 3151 726 3206 τοῦ
758 3153 857 3229 ναοῦ,
893 3148 1141 3231 στρατηγήματι

122 3257 239 3333 χρῆται
261 3249 345 3335 πρὸς
367 3247 428 3331 τήν
451 3246 617 3329 συλλογήν
639 3257 707 3312 τῶν
724 3250 900 3334 χρημάτων
918 3252 936 3317 6
956 3251 1141 3338 ἀρχιερεύς,

123 3347 149 3438 ᾧ
176 3356 213 3419 τὸ
240 3359 371 3437 πλῆθος
401 3350 506 3436 ήδέως
538 3354 625 3438 ἔσχε,
656 3355 805 3445 τοιούτφ.
851 3357 969 3440 <163>
1000 3357 1140 3436 ξύλινον
1154 3377 1181 3417 ³0

195 3479 270 3537 §159
280 3473 496 3544 =4Reg.x32.
562 3474 936 3544 §161=2Para1.xxlv4;
950 3477 1137 3547 4Reg.xss4.

504 3756 605 3778 Δ
