2400 3840
471 205 473 214 Ι
552 131 678 185 ωωω
1056 132 1122 197 2OE

105 293 229 374 βόλους
257 285 372 376 εἶναι),
399 291 503 356 ταύτά
529 315 565 358 τε
591 291 875 378 προσεπεσκεύασε
900 289 956 356 καὶ
983 294 1127 379 πύργοις

105 396 191 461 αύτά
219 397 374 480 μεγάλοις
400 395 611 485 προσεξήρεν.
652 397 761 482 <151>
789 394 979 486 ᾠκοδόμησε
1006 395 1125 464 δὲκαὶ

104 506 220 579 πόλεις
250 513 324 579 ταῖς
354 504 554 591 βαρυτάταις
581 502 801 590 ἐναρίθμους,
828 501 980 588 ’Άσωρόν
1005 527 1041 568 τε
1068 503 1129 570 καί

104 608 293 692 Μαγεδών,
325 612 440 696 τρίτην
471 606 509 677 δὲ
537 609 682 697 Γάζαρά,
713 610 775 695 τήν
801 618 861 694 τής
888 613 1127 676 Παλαιστινῶυ

72 716 216 800 σχώρας
238 715 464 801 ὑπάρχουσαν,
486 715 529 800 ήν
552 717 696 803 Φαραὼν
719 716 738 783 ό
761 727 829 804 τῷν
847 718 1043 800 Αἰγυπτίων
1066 721 1127 801 βα-

105 823 219 897 σιλεὺς
238 821 522 907 στρατευσάμενος
539 820 594 888 καὶ
612 824 834 909 πολιορκήσας
850 824 940 909 αίρεϊ
949 825 1032 889 κατά
1045 823 1125 910 κρά·

105 950 173 1010 τος,
191 927 387 1006 ἀποκτείνας
405 924 443 995 δὲ
456 928 582 1007 πάντας
599 932 678 1006 τούς
696 928 908 1007 ἐνοικοῦντας
925 928 1030 1012 αὐτήν
1048 954 1124 996 κατ-

105 1032 265 1118 έσκαψεν,
289 1029 359 1100 εἶτα
382 1036 512 1121 δωρεάν
535 1035 637 1101 ἔδωκε
659 1044 698 1120 τῇ
721 1036 825 1101 αὑτοῦ
847 1032 993 1122 θυγατρὶ
1016 1040 1125 1102 Σολο-

105 1151 193 1224 μῶνι
216 1139 439 1227 γεγαμημένῃ·
462 1141 574 1225 <152>
591 1142 645 1208 διὸ
663 1138 719 1206 καὶ
737 1141 913 1227 ἀνήγειρεν
931 1141 949 1206 ὁ
967 1145 1127 1226 βασιλεὺς

56 1266 88 1308 10
105 1245 223 1329 αὐτήν,
246 1240 351 1312 οὖσαν
374 1247 500 1333 ὀχυρὰν
518 1247 618 1330 φύσει
635 1244 690 1312 καὶ
708 1248 791 1333 πρὸς
809 1245 976 1332 πολέμους
993 1247 1048 1313 καὶ
1065 1250 1127 1325 τάς

105 1363 175 1417 τῶν
197 1362 324 1438 καιρῶν
346 1354 529 1438 μεταβολάς
549 1356 714 1439 χρησίμην
736 1348 822 1419 εἶναι
845 1350 1046 1436 δυναμένην.
1083 1354 1126 1419 οὐ

105 1460 222 1545 πόρρω
241 1456 272 1524 δ’
289 1457 391 1544 αὐτής
409 1460 511 1538 ἀλλοις
529 1457 720 1548 ᾠκοδόμησε
737 1459 799 1525 δύο
817 1462 943 1538 πόλεις·
963 1460 1127 1546 Βητχώρα

106 1574 146 1650 τή
167 1561 262 1651 ἑτέρᾳ
279 1567 385 1650 όνομα
402 1560 456 1650 ήυ,
478 1564 499 1650 ή
518 1563 549 1631 δ’
571 1563 666 1653 ἑτέρα
684 1561 800 1631 Basta
819 1564 976 1633 ἐκαλεῖτο.
1013 1565 1124 1650 <153>

105 1649 412 1760 προσκατεύκεύασε
438 1669 476 1737 δὲ
500 1673 635 1750 ταύταις
660 1669 716 1739 καὶ
742 1672 845 1748 άλλως
868 1675 916 1752 είς
938 1672 1127 1739 ἀπόλαυσιν

60 1775 163 1843 τεκαὶ
185 1777 319 1873 τρμιρήχ
342 1776 534 1869 ἐπιτηδείως
557 1777 705 1863 ἐχούσας,
727 1785 768 1864 τή
790 1801 826 1843 τε
848 1789 916 1844 τῶν
939 1777 1047 1864 ἀέρων
1071 1776 1126 1843 εὐ·
1195 1850 1197 1856 ,

105 1886 228 1972 κρασίμ
253 1876 311 1961 καὶ»
336 1894 407 1961 τοῖς
429 1883 565 1970 ὡραίοις
588 1882 724 1973 εὐφυεῖς
746 1881 802 1955 καὶ
824 1883 969 1968 νάμασιν
990 1883 1128 1950 ὑδάτων

106 1988 299 2075 ἐνδρόσους.
335 1986 489 2074 ἐμβαλὼν
511 1985 549 2054 δὲ
570 1987 626 2054 καὶ
647 1991 695 2067 είς
711 1990 774 2075 τήν
793 1991 916 2075 ἔρημον
933 1989 995 2072 τήν
1013 1987 1127 2054 έπάνω

105 2098 238 2181 Συρίας
263 2092 320 2160 καί
346 2097 519 2180 κατασχὼν
544 2094 649 2181 αὐτήν
672 2097 800 2161 ἔκτισεν
823 2093 892 2160 έκεί
911 2097 1011 2161 πόλιν
1033 2097 1124 2180 μεγί-
1152 2112 1154 2117 ⁴

106 2218 204 2285 στην,
232 2201 294 2267 δύο
317 2195 379 2286 μέν
401 2199 534 2287 ήμερόιν
556 2201 638 2268 ὁδὸν
660 2200 725 2267 ἀπὸ
747 2209 807 2285 τής
828 2202 899 2267 άνω
922 2203 1052 2286 Συρίας
1074 2201 1126 2265 δι-

60 2326 91 2366 ιο
106 2316 265 2389 εστωσαν,
288 2304 353 2371 ἀπὸ
380 2301 411 2371 δ’
435 2305 618 2393 Εὐφράτου
641 2314 729 2391 μιᾶς,
752 2304 816 2372 ἀπὸ
840 2302 878 2373 δὲ
899 2315 959 2392 τής
981 2307 1127 2392 μεγάλης

105 2415 310 2496 Βαβυλῶνος
332 2410 366 2490 ἓξ
388 2410 520 2499 ήμερῶν
541 2406 586 2496 ἦν
607 2415 645 2481 τὸ
668 2422 781 2499 μήκος.
821 2413 932 2498 <154>
955 2418 1064 2479 αίτιον
1086 2409 1125 2478 δὲ

105 2527 166 2583 τοῦ
192 2519 254 2602 τήν
276 2520 376 2584 πόλιν
398 2517 503 2593 οὕτως
525 2516 590 2584 ἀπὸ
612 2529 681 2584 τῶν
703 2517 910 2605 οίκονμένων
932 2531 1043 2606 μερῶν
1065 2527 1128 2603 τής

106 2627 237 2712 Συρίας
259 2623 448 2713 ἀπῳκίσθαι
471 2623 509 2687 τὸ
532 2621 705 2709 κατωτέρω
728 2620 790 2708 μέν
813 2623 964 2707 οὐδαμοῦ
986 2632 1045 2708 τής
1062 2632 1127 2707 γής

105 2728 198 2816 ὕδωρ
222 2724 319 2813 εἶναι,
340 2729 448 2811 πηγάς
469 2724 502 2792 δ’
526 2725 564 2794 έν
586 2727 700 2817 ἐκείνῳ
723 2736 769 2816 τῷ
791 2730 881 2817 τόπῳ
904 2729 1010 2811 μόνον
1032 2727 1125 2814 εὑρε-

66 2851 92 2893 25
105 2840 211 2919 θῆναι
233 2831 289 2900 καὶ
313 2831 448 2920 φρέατα.
484 2833 609 2917 ταύτην
627 2827 689 2899 οὐν
706 2832 768 2915 τήν
786 2834 886 2898 πόλιν
904 2831 1126 2917 οἰκοδομήσας

105 2938 161 3005 καὶ
194 2944 338 3026 τείχεσιν
367 2939 589 3026 ὀχυρωτάτοις
615 2937 805 3024 περιβαλὼν
834 2937 1014 3023 Θαδάμορα
1041 2937 1125 3004 ὠνό-

106 3063 200 3130 μασε,
223 3044 279 3112 καὶ
301 3043 393 3112 τοῦτ’
414 3048 463 3112 ἔτι
484 3054 550 3111 νῦν
571 3049 718 3112 καλεῖται
735 3045 825 3131 παρά
842 3055 914 3121 τοῖς
931 3044 1069 3130 Σύροις,
1091 3045 1129 3110 οί

106 3151 139 3217 δ’
157 3150 315 3238 Ἕλληνες
338 3153 444 3238 αὐτήν
465 3153 752 3238 προσαγορεύουσι
776 3151 972 3236 Πάλμυραν.

174 3260 285 3343 <155>
298 3260 463 3344 Σολομὼν
483 3253 544 3343 μὲν
558 3251 621 3322 οὐν
635 3257 653 3322 ὁ
667 3259 824 3341 βασιλεὺς
837 3263 941 3321 ταῦτα
955 3252 1026 3320 κατ’
1044 3253 1126 3322 έκεί-
1144 3269 1164 3319 κ

64 3381 93 3422 ³⁰
106 3387 170 3428 νον
189 3365 248 3429 τὸν
267 3366 385 3451 καιρὸν
401 3363 555 3450 πράττων
569 3360 720 3429 διετέλει·
738 3363 821 3449 πρὸς
836 3357 873 3427 δέ
887 3363 966 3438 τοὺς
980 3359 1125 3446 ἐπιζητή-

180 3482 810 3555 ςωεηωσωῃωωω.
1128 3454 1131 3463 ’
