2400 3840
114 119 181 182 264
487 119 761 172 ΔΡΧΑΙΟΔΟΙῚΑΣ
889 129 896 135 “

113 280 279 358 ἀπωλείας
296 289 355 364 τῆς
372 279 502 345 τούτων
520 279 729 362 δηλωθείσης
746 288 792 368 τῷ
815 283 965 365 βασιλεῖ,
984 283 1087 368 παροξ
1125 322 1135 333 ·
1170 252 1172 303 δ

114 384 190 463 θεὶς
211 388 316 452 ἄλλον
338 383 458 470 πέμπει
481 385 659 470 ταξίαρχον
677 383 731 452 ἐπὶ
748 388 810 452 τὸν
826 384 953 453 Ἠλίαν
972 393 1037 454 σὺν
1055 391 1135 456 ὁπλί·

115 479 187 570 ταιςΙ
209 493 382 570 τοσούτοις
408 492 501 569 ὅσοις
522 489 579 557 καὶ
603 493 663 557 τόν
684 493 851 578 πρότερον
874 495 1135 561 συναπέστειλεν.

115 599 354 681 ἀπειλήσαντος
377 594 415 663 δὲ
437 596 494 663 καὶ
516 598 637 663 τούτου
663 606 710 685 τῷ
731 600 891 684 προφήτη
914 603 980 687 βίηι
1001 605 1137 686 λαβόντα

114 704 207 783 άξειν
225 705 339 789 αὐτόν,
357 706 388 770 εί
405 704 449 789 μή
466 701 626 769 κατέλθοι
643 705 861 789 βουλόμενος,
883 705 1075 792 εὐξαμένου
1091 705 1153 773 κώι

115 819 236 877 τοῦτον
266 819 334 895 πῦρ
372 810 567 896 διεχρήσατο
602 809 717 886 καθὼς
751 806 808 874 καὶ
842 812 905 877 τὸν
940 816 1012 898 πρὸ
1045 814 1137 879 αὐτοῦ

115 917 301 1002 ταξίαρχον.
346 915 435 1000 <25>
456 918 714 1001 πυνθανόμενος
734 912 772 981 δὲ
790 913 846 981 καὶ
865 917 908 981 τὰ
925 916 1011 1004 περὶ
1028 929 1137 985 τοῦτον

116 1024 134 1089 δ
158 1024 314 1106 βασιλεὺς
335 1024 450 1106 τρίτον
473 1020 660 1107 ἐξέπεμψεν.
706 1021 725 1088 δ
749 1018 787 1087 δὲ
815 1025 990 1108 φρόνιμος
1018 1027 1068 1092 ὢν
1092 1022 1136 1091 καί

115 1131 192 1193 λίαν
216 1125 361 1211 ἐπιεικής
382 1129 421 1193 τὸ
443 1121 545 1212 ήθος,
572 1126 683 1195 ἐλθών
707 1125 761 1194 ἐπὶ
774 1129 844 1194 τὸν
866 1131 980 1197 τόπον
1004 1127 1048 1197 οὗ
1070 1150 1136 1198 συν-

116 1231 250 1317 έβαινεν
264 1226 351 1298 εἶναι
369 1235 429 1299 τὸν
444 1229 573 1317 Ἠλίαν,
591 1235 808 1318 φιλοφρόνως
824 1242 1017 1318 προσεῖπεν
1036 1239 1162 1319 αὐτόν,ο

117 1340 293 1424 γινώσκειν
316 1337 347 1404 δ’
370 1341 482 1422 ἔλεγεν
505 1339 556 1404 ότι
579 1339 623 1423 μή
642 1340 856 1424 βουλόμενος,
879 1341 1056 1423 βασιλέως
1077 1345 1136 1408 δια-

117 1458 227 1513 κονῶν
253 1446 493 1532 προστάγματι,
523 1447 643 1529 παρείη
670 1447 755 1531 πρὸς
781 1443 901 1529 αὐτόν,
931 1447 992 1514 καὶ
1022 1453 1058 1516 oc
1082 1450 1136 1535 πρὸ

116 1552 220 1616 αὐτοῦ
243 1551 454 1636 πεμφθέντες
480 1550 541 1636 οὐχ
569 1549 701 1628 ἑκόντες
728 1551 812 1617 άλλά
838 1553 924 1617 κατά
951 1555 1020 1638 τήν
1043 1557 1137 1638 αὐτήν

117 1659 228 1723 αἰτίαν
250 1653 369 1740 ἦλθον.
411 1656 543 1742 έλεήσαι
565 1666 746 1743 τοιγαροῦν
766 1657 869 1724 αὐτὸν
886 1657 989 1741 ἠξίου
1009 1664 1091 1740 τούς
1108 1683 1137 1726 τε

118 1766 181 1830 σὺν
208 1764 296 1853 αὐτῷ
323 1767 490 1850 παρόντας
517 1763 668 1847 ὁπλίτας,
697 1761 754 1829 καὶ
779 1764 973 1848 καταβάντα
1002 1767 1162 1836 ἕπεσθαί

117 1873 200 1957 πρὸς
217 1874 277 1938 τὸν
290 1869 437 1956 βασιλέα.
472 1870 560 1955 <26>
575 1869 820 1954 ἀποδεξάμενος
835 1867 873 1936 δὲ
885 1871 951 1954 τήν
969 1872 1136 1957 δεξιότητα

118 1989 186 2044 τῶν
208 1982 319 2061 λόγων
341 1975 453 2043 καὶτὸ
471 1975 604 2041 ἀστεῖον
622 1985 682 2041 τοῦ
700 1976 810 2058 ήθους
827 1976 845 2042 ὁ
861 1974 979 2055 Ἠλίας
996 1981 1138 2064 καταβάς

116 2082 348 2166 ἠκολούθησεν
362 2083 460 2170 αὐτῷ.
491 2085 759 2167 παραγενόμενος
778 2078 815 2147 δὲ
828 2083 912 2166 πρὸς
924 2084 988 2149 τὸν
1002 2084 1137 2169 βασιλέα

116 2189 370 2271 προυφήτευσεν
388 2188 487 2272 αὐτῷ,
504 2183 634 2252 καὶτὸν
647 2190 731 2253 θεὸν
746 2187 866 2271 ἐδήλου
884 2185 998 2269 λέγειν
1013 2191 1137 2274 “ἐπειδή

77 2360 78 2363 ,
116 2289 281 2372 κατέγνως
304 2290 408 2354 αὐτοῦ
431 2286 492 2374 μὲν
514 2291 560 2366 ώς
583 2292 644 2356 οὐκ
668 2296 764 2371 όντος
786 2301 870 2360 θεοῦ
896 2293 952 2359 καὶ
981 2297 1062 2383 περὶ
1086 2307 1166 2382 τήςσ

116 2399 220 2462 νόσου
234 2396 275 2460 οὐ
289 2391 433 2478 τάληθὲς
446 2405 619 2480 προειπεῖν
634 2397 835 2484 δυναμένου,
848 2401 932 2486 πρὸς
946 2399 986 2467 δὲ
1000 2406 1064 2470 τὸν
1073 2404 1138 2471 Ἀκ-

115 2513 309 2589 καρωνιτών
327 2503 477 2589 ἔπεμπες,
494 2499 572 2588 παρ’
589 2503 694 2569 αὐτοῦ
711 2509 970 2592 πυνθανόμενος
987 2514 1138 2577 ποταπὸν

118 2613 209 2677 ἔσται
233 2628 286 2677 σοι
308 2614 346 2678 τὸ
369 2609 463 2690 τέλος
484 2620 543 2696 τής
568 2613 687 2695 νόσου,
713 2614 855 2693 γίνωσκε
883 2613 934 2678 ὅτι
960 2615 1139 2699 τεθνήξειῖ

82 2737 98 2784 2
186 2720 273 2804 <27>
294 2717 350 2784 καὶ
373 2719 391 2785 ὃ
415 2716 477 2804 μέν
500 2720 616 2799 ὀλίγον
635 2718 766 2802 σφόδρα
783 2720 909 2802 χρόνον
929 2721 1138 2804 διελθόντος,

117 2826 231 2902 καθὼς
254 2835 412 2909 προεῖπεν
432 2823 557 2907 Ἠλίας,
580 2822 744 2907 ἀπέθανε,
767 2822 952 2909 διαδέχεται
975 2825 1007 2890 δ’
1035 2829 1169 2895 αὐτοῦθ

117 2931 179 3012 τήν
197 2933 370 3013 βασιλείαν
389 2928 534 3014 ἁδελφὸς
549 2927 719 3016 Ἰώραμος·
741 2931 840 3007 άπαις
856 2931 919 3015 γάρ
937 2931 1139 3020 κατέστρεψε

116 3038 177 3102 τὸν
199 3038 284 3119 βίον.
326 3035 344 3099 ὁ
364 3030 394 3097 δ’
413 3029 569 3118 Ἰώραμος
591 3029 690 3112 οὗτος
710 3045 756 3124 τῷ
774 3033 873 3118 πατρὶ
891 3035 952 3116 τήν
971 3043 1139 3125 πονηρίαν

115 3138 241 3227 Ἀχάβῳ
268 3137 497 3224 παραπλήσιος
528 3140 708 3220 γενόμενος
741 3140 953 3223 ἐβασίλευσεν
985 3144 1042 3225 ἔτη
1077 3146 1138 3210 δώ-

119 3248 213 3328 δεκα,
245 3245 334 3329 πάση
361 3247 551 3330 παρανομίᾳ
576 3244 782 3327 χρησάμενος
810 3244 865 3310 καὶ
893 3246 1028 3334 ἀσεβείᾳ
1055 3253 1140 3336 πρὸς

117 3354 177 3417 τὸν
199 3353 296 3415 θεόν·
320 3348 435 3435 παρεὶς
452 3350 516 3434 γάρ
535 3356 655 3414 τοῦτον
673 3351 874 3433 θρησκεύειν
891 3357 970 3430 τοὺς
989 3353 1172 3433 ξενικοὺςω

190 3471 508 3540 §24=4Reg.111.
