2400 3840
548 137 673 189 ουΔοΗ
1053 135 1118 200 213
1150 108 1158 120 ”

102 299 212 382 <207>
242 302 357 383 σχίσας
384 296 414 364 δ’
442 300 489 375 είς
517 300 644 364 δώδεκα
673 298 784 385 φάρση
812 300 849 363 τὸ
879 298 1010 382 ίμάτιον
1038 299 1117 383 ὅπερ

100 401 144 488 ήν
163 405 263 481 αὐτὸς
280 403 569 489 περιβεβλημένος,
590 403 740 470 ἐκέλευσε
758 405 818 468 τὸν
833 403 1043 490 Ἱεροβόαμον
1062 409 1118 469 λα-

103 517 175 596 βεῖν
201 513 242 575 τά
270 510 363 595 δέκα,
391 513 581 598 προσειπὼν
609 513 659 577 ὅτι
682 521 785 576 ταῦτα
809 511 827 576 6
850 512 931 587 θεὸς
953 511 1118 594 βούλεται,

102 616 156 683 καὶ
189 621 306 702 σχίσας
336 619 398 701 τήν
425 624 628 703 Σολομῶνος
657 617 762 703 άρχήν
789 627 835 704 τῷ
862 613 958 681 παιδὶ
986 612 1046 701 μὲν
1073 625 1118 703 τῷ

75 727 234 807 5τούτου,
258 726 314 790 διδ
336 726 397 807 τήν
420 727 503 810 πρὸς
521 725 676 807 Δαυίδην
697 721 920 809 γεγενημένην
939 723 1119 807 ὁμολογίαν

102 830 202 919 αὐτῷ,
225 834 306 914 μίαν
329 831 441 914 φυλήν
463 829 519 895 καὶ
542 831 603 914 τήν
627 827 700 914 ἑξής
723 830 824 913 αὐτῆς
845 831 974 913 δίδωσι,
997 827 1062 894 ‘606
1082 825 1119 893 δέ
1145 890 1146 893 ,

102 939 160 1013 τάς
183 935 274 1020 δέκα,
298 941 501 1022 Σολομῶνος
524 939 572 1014 είς
594 935 697 1001 αύτὸν
718 935 957 1022 ἐξαμαρτόντος
974 934 1029 1000 καὶ
1048 946 1119 1012 ταῖς

101 1039 234 1127 γυναιξὶ
270 1041 326 1107 καὶ
361 1056 431 1120 τοῖς
463 1044 600 1110 ἐκείνων
631 1050 725 1120 θεοῖς
757 1043 859 1108 αὑτὸν
891 1041 1118 1119 ἐκδεδωκότος.

103 1150 213 1234 <208>
246 1150 343 1226 είδὼς
375 1145 437 1216 οὖν
466 1151 528 1234 τήν
555 1153 665 1217 αἰτίαν
692 1147 736 1215 δι’
766 1149 809 1232 ἣν
836 1153 1032 1234 μετατίθησι
1058 1149 1119 1230 τήν

61 1274 88 1312 10
103 1256 208 1321 αὑτοῦ
236 1256 373 1340 γνώμην
400 1257 465 1324 άπὸ
488 1263 690 1342 Σολομῶνος
718 1257 735 1324 6
759 1259 854 1341 θεός,
882 1259 1010 1333 δίκαιος
1033 1250 1119 1320 εἶναι

103 1371 208 1445 πειρῶ
238 1361 292 1426 καὶ
323 1363 469 1446 φύλαττε
496 1365 536 1428 τά
562 1366 702 1448 νόμιμα,
733 1360 953 1449 προκειμένου
980 1378 1034 1426 σοι
1061 1369 1120 1443 τῆς

104 1468 271 1551 εὐσεβείας
291 1467 347 1533 καὶ
365 1477 424 1553 τής
441 1471 524 1556 πρὸς
541 1472 601 1535 τὸν
619 1471 703 1534 θεὸν
720 1477 816 1554 τιμῆς
834 1471 944 1534 άθλου
961 1471 1120 1552 μεγίστου

103 1585 171 1638 τῶν
203 1573 374 1659 ἁπάντων,
410 1578 611 1659 γενήσεσθαι
643 1580 839 1659 τηλικοῦτον
869 1574 986 1658 ἡλίκον
1018 1569 1120 1640 οἶσθα

98 1681 259 1763 Δαυίδην
282 1681 484 1765 γενόμενονῖ

60 1804 87 1844 15
170 1787 279 1871 <209>
309 1786 466 1874 ἐπαρθεὶς
493 1783 555 1854 οὖν
582 1799 653 1865 τοῖς
678 1796 739 1853 τοῦ
766 1789 941 1873 προφήτου
966 1790 1079 1869 λόγοις
1102 1786 1155 1852 68

97 1890 315 1979 Ἱεροβόαμος,
335 1895 435 1978 φύσει
454 1897 580 1981 θερμὸς
599 1895 647 1960 ὢν
664 1897 800 1970 νεανίας
815 1892 869 1958 καὶ
883 1893 1037 1978 μεγάλων
1051 1891 1120 1956 ἐπι-

101 2000 255 2083 θυμητής
277 1999 494 2085 πραγμάτων,
522 1999 583 2065 οὐκ
606 1997 734 2084 ήρέμει,
762 2000 940 2082 γενόμενος
962 1995 994 2062 δ’
1021 1996 1058 2062 ἐν
1080 2005 1119 2081 τῇ

102 2109 283 2192 στρατηγία
300 2103 355 2171 καὶ
374 2104 581 2192 μεμνημένος
599 2116 667 2171 τῶν
685 2106 749 2172 ὑπὸ
766 2103 856 2190 Ἀχία
870 2103 1120 2190 δεδηλωμένων,

102 2211 299 2278 ἀναπείθειν
323 2211 482 2298 ἐπεχείρει
505 2214 565 2278 τὸν
588 2215 671 2279 λαὸν
691 2212 898 2297 ἀφίστασθαι
917 2215 1120 2296 Σολομῶνος

59 2335 87 2374 20
101 2314 157 2381 καὶ
193 2329 300 2384 κινεῖν
331 2316 387 2383 καὶ
419 2318 591 2404 περιάγειν
623 2321 671 2396 είς
702 2319 805 2385 αὐτὸν
835 2319 897 2401 τήν
929 2317 1120 2403 ἡγεμονίαν.

102 2423 212 2507 <210>
235 2425 356 2507 μαθὼν
377 2420 415 2489 δέ
432 2425 494 2508 τήν
514 2425 667 2491 διάνοιαν
686 2424 790 2490 αὐτοῦ
807 2422 863 2489 καὶ
881 2425 943 2508 τήν
962 2423 1121 2509 ἐπιβολήν

103 2529 121 2594 6
145 2532 309 2615 Σολομὼν
337 2529 439 2613 ἐζήτει
468 2533 644 2615 συλλαβὼν
672 2530 774 2596 αὐτὸν
799 2529 940 2596 άνελεῖν.
986 2531 1122 2614 φθάσας

103 2631 141 2699 δὲ
173 2645 271 2701 τοῦτο
299 2647 426 2719 γνῶναι
452 2634 660 2721 Ἱεροβόαμος
686 2637 769 2721 πρὸς
797 2636 975 2700 Σούσακον
1003 2637 1121 2719 φεύγει

103 2743 163 2806 τὸν
183 2744 380 2826 Αἰγυπτίων
403 2740 550 2826 βασιλέα,
573 2739 628 2806 καὶ
651 2739 746 2828 μέχρι
769 2749 828 2824 τῆς
846 2745 1049 2825 Σολομῶνος
1071 2764 1121 2806 τε-

60 2864 88 2905 25
103 2851 222 2931 λευτής
241 2847 310 2914 ἐκεῖ
325 2852 442 2934 μείνας
459 2850 497 2914 τό
515 2871 550 2913 τε
569 2843 673 2932 μηδὲν
691 2844 748 2912 ὑπ’
768 2844 872 2910 αὐτοῦ
889 2851 1014 2911 παθεῖν
1032 2845 1122 2932 ἐκέρ-

104 2954 185 3035 δησε
207 2952 263 3018 καὶ
286 2957 323 3020 τὸ
346 2964 385 3040 τη
408 2957 560 3041 βασιλείᾳ
581 2946 807 3038 φυλαχθῆναι.
843 2952 953 3036 <211>
972 2951 1121 3036 ιἰποθνή-

104 3076 175 3124 σκει
204 3057 234 3124 δ’
262 3060 279 3126 6
303 3062 467 3145 Σολομὼν
494 3060 557 3144 ήδη
586 3061 724 3147 γηραιὸς
749 3061 811 3143 ὥν,
838 3061 1036 3144 βασιλεύσας
1059 3056 1121 3144 μὲν

102 3164 298 3249 ὀγδοήκοντ’
321 3169 376 3248 έτη
400 3168 497 3249 ζήσας
518 3164 549 3231 δ’
571 3165 770 3250 ἐνενήκοντα
788 3164 936 3252 τέτταρα,
958 3165 1121 3231 θάπτεται

103 3270 134 3336 δ’
158 3273 194 3337 έν
213 3271 464 3359 Ἱεροσολύμοις,
487 3273 634 3350 ἅπαντας
656 3270 854 3358 ὑπερβαλὼν
873 3271 1068 3359 εὐδαιμονία
1085 3296 1121 3338 τε

61 3397 88 3436 ³⁰
102 3377 159 3445 καὶ
187 3380 319 3467 πλούτφ
347 3377 402 3444 καὶ
430 3380 592 3466 φρονήσει
621 3381 699 3455 τοὺς
721 3380 994 3462 βασιλεύσαντας,
1024 3381 1054 3444 εί
1076 3380 1120 3464 μή

175 3499 541 3568 §207=3Reg.X130.
