2400 3840
558 156 683 207 ΟΓΔΟΗ
1063 154 1124 218 171

107 326 154 406 τῷ
178 319 281 401 πατρί
301 340 366 400 μου
390 314 571 401 συνέκαμες
597 313 652 381 καὶ
675 316 695 400 ῆ
719 318 859 400 κιβωτὸς
886 316 928 399 ῆν
952 320 1014 382 σὺν
1037 318 1126 405 αὐτῷ

107 426 318 508 μετήνεγκας.
363 425 487 506 ταύτην
514 421 554 488 δέ
584 440 637 488 σοι
667 424 728 507 τήν
754 425 916 510 τιμωρίαν
944 422 1125 507 ἐπιτίθημι,

105 527 278 618 ταξαμένῳ
311 527 380 613 μετ’
412 527 552 595 Ἀδωνία
583 528 638 594 καὶ
671 531 710 595 τά
743 529 872 594 ἐκείνου
904 531 1124 614 φρονήσαντι·

106 634 182 720 μήτ’
205 633 322 700 ἐνθάδ’
344 642 417 701 ίσθι
441 634 514 720 μήτ’
536 639 584 713 είς
607 639 687 714 ὄψιν
705 635 833 702 ἀπάντα
854 637 915 719 τήν
934 635 1026 720 ἐμήν,
1049 634 1121 701 ἀλλ’

75 746 155 820 εείς
181 742 243 825 τήν
265 744 409 828 πατρίδα
436 742 615 831 πορευθεὶς
643 743 680 808 ἐν
706 755 776 820 τοῖς
804 743 919 829 ἀγροῖς
947 746 1039 826 ζῆθι,
1068 740 1123 807 καὶ

102 858 226 915 τοῦτον
250 851 325 936 ἀχρι
348 855 501 934 τελευτῆς
525 852 576 934 ἔχε
599 852 659 915 τὸν
682 852 773 935 βίον,
801 848 957 937 ἀμαρτδιν
980 858 1039 916 τοῦ
1063 875 1123 935 μη-

103 954 172 1022 κέτ’
195 952 279 1021 εἶναι
304 959 439 1034 δικαίως
462 956 499 1022 έν
521 956 617 1044 ἀξίᾳ.’
662 958 749 1041 <11>
767 958 962 1023 καταλύεται
981 954 1042 1042 μδν
1061 952 1122 1023 οὖν

104 1063 170 1129 ἀπὸ
198 1072 256 1147 τῆς
284 1066 449 1149 ἱερατικῆς
474 1074 570 1148 τιμῆς
598 1064 615 1130 δ
641 1062 821 1150 Ἰθαμάρου
853 1058 943 1141 οἶκος
975 1065 1031 1129 διά
1060 1065 1122 1147 τήν

102 1168 350 1255 προειρημένην
368 1172 489 1254 αἰτίαν,
512 1172 625 1247 καθὼς
643 1168 697 1235 καὶ
716 1180 762 1258 τῷ
777 1168 980 1258 Ἀβιαθάρου
999 1170 1121 1260 πάππῳ

59 1300 87 1339 ιο
102 1288 262 1359 προεῖπεν
281 1277 298 1343 ὁ
318 1278 398 1354 θεὸς
409 1275 510 1361 Ἠλεί,
529 1276 647 1362 μετέβη
667 1275 698 1342 δ’
720 1279 767 1354 είς
784 1278 822 1342 τὸ
844 1276 1006 1343 Φινεέσου
1025 1275 1121 1361 γένος

102 1384 187 1468 πρὸς
210 1384 383 1450 Σάδωκον.
428 1385 515 1468 <12>
539 1386 574 1449 οί
595 1382 626 1448 δ’
648 1385 899 1459 ἰδιωτεύσαντες
922 1382 957 1447 ἐκ
980 1392 1040 1448 τοῦ
1061 1386 1121 1447 Φι-

101 1487 222 1554 νεέσου
240 1489 368 1574 γένους,
389 1488 467 1556 καθ’
489 1490 529 1556 δν
547 1492 666 1575 καιρὸν
685 1493 733 1567 είς
750 1491 812 1573 τήν
828 1487 1008 1576 Ἰθαμάρου
1027 1483 1120 1554 οἶκον

101 1596 123 1678 ῆ
147 1595 374 1681 ἀρχιερωσύνη
398 1604 577 1682 μετῆλθεν,
598 1594 690 1663 Ἠλεὶ
712 1598 846 1682 πρώτον
869 1597 993 1679 ταύτην
1015 1617 1119 1682 παρα-

101 1704 278 1786 λαβόντος,
301 1697 386 1786 ήσαν
409 1699 517 1788 οὗτοι,
545 1704 562 1770 ὁ
586 1712 646 1769 τοῦ
670 1700 846 1790 ἀρχιερέως
864 1700 1024 1786 Ἰωσήπου
1046 1702 1120 1778 υίὸς

58 1832 85 1872 15
103 1811 256 1892 Βοκκίας,
278 1811 399 1875 τούτου
423 1808 452 1874 δ’
476 1808 668 1895 Ἰωάθαμος,
689 1807 875 1894 Ἰωαθάμου
899 1805 936 1873 δδ
958 1811 1120 1893 Μαραίω-

101 1922 177 1998 θος,
195 1917 410 2001 Μαραιώθου
429 1914 459 1980 δ’
478 1914 664 2004 Ἀροφαῖος,
685 1913 866 2002 Ἀροφαίου
885 1912 915 1978 δ’
935 1911 1119 1996 Ἀχίτωβος,

97 2019 278 2106 Ἀχιτώβου
306 2019 343 2087 δὲ
371 2023 546 2107 Σάδωκος,
576 2023 613 2099 ὃς
639 2033 769 2108 πρῶτος
796 2018 849 2086 ἐπὶ
876 2021 1030 2084 Δαυίδου
1058 2027 1118 2083 τοῦ

100 2128 263 2211 βασιλέως
286 2129 457 2217 ἀρχιερεὺς
481 2127 619 2211 ἐγένετο.

169 2236 255 2319 <13>
267 2232 401 2320 Ἰώαβος
419 2234 449 2300 δ’
472 2236 489 2301 ὁ
504 2236 686 2322 στρατηγὸς
703 2235 765 2318 τήν
783 2233 955 2320 ἀναίρεσιν
974 2233 1117 2310 ἀκούσας
1136 2246 1153 2295 4

59 2343 162 2426 νοτῆν
191 2340 332 2407 Ἀδωνία
364 2343 518 2428 περιδεὴς
550 2339 691 2426 ἐγένετο·
729 2344 828 2426 φίλος
859 2342 923 2426 γάρ
953 2334 996 2423 ῆν
1028 2341 1117 2428 αὐτῷ

99 2453 228 2532 μᾶλλον
251 2446 335 2536 ήτῷ
353 2452 486 2533 βασιλεῖ
502 2453 689 2532 Σολομώνι.
733 2446 788 2512 καὶ
809 2449 970 2513 κίνδυνον
989 2445 1024 2511 ἐκ
1042 2447 1118 2512 τού-

99 2578 161 2618 του
194 2554 250 2617 διά
281 2554 342 2637 τήν
373 2556 457 2638 πρὸς
488 2552 617 2619 ἐκεῖνον
646 2554 782 2618 εὔνοιαν
811 2552 872 2617 οὐκ
901 2551 1030 2635 ἀλόγως
1055 2553 1117 2618 ὑπ-

100 2661 250 2725 οπτεύων
277 2660 477 2744 καταφεύγει
500 2655 562 2742 μέν
586 2656 638 2724 ἐπὶ
661 2661 698 2724 τδ
726 2659 983 2744 θυσιαστήριον,
1010 2657 1118 2740 ἀσφά-

100 2773 194 2831 λειαν
218 2763 248 2829 δ’
273 2764 422 2850 ἐνόμιζεν
445 2766 534 2852 αὐτῷ
555 2775 687 2850 ποριεῖν
710 2762 746 2828 ἐκ
769 2772 828 2846 τῆς
849 2764 933 2849 πρὸς
955 2763 1015 2827 τὸν
1033 2764 1117 2827 θεὸν

59 2892 85 2932 25
100 2872 270 2956 εὐσεβείας
300 2880 361 2938 τοῦ
393 2869 562 2956 βασιλέως.
607 2869 702 2952 <14>
735 2869 753 2935 ὃ
785 2865 816 2933 δ’
846 2867 1118 2952 ἀπαγγειλάντων

100 2979 189 3065 αὐτῷ
213 2989 316 3043 τινῶν
338 2979 399 3062 τήν
415 2976 552 3062 Ἰωάβου
575 2978 710 3061 γνώμην
728 2974 859 3060 πέμψας
877 2979 1028 3041 Βαναίαν
1049 2973 1116 3039 ἐκέ-

100 3090 219 3150 λευσεν
246 3084 476 3167 ἀναστήσαντα
503 3083 606 3148 αὐτὸν
636 3080 689 3148 ἐπὶ
716 3084 753 3148 τὸ
782 3083 995 3168 δικαστήριον
1021 3083 1116 3163 ἀγειν

100 3192 145 3267 ὡς
168 3190 469 3274 ἀπολογησόμενον.
512 3185 644 3273 Ἰώαβος
670 3186 701 3254 δ’
727 3189 789 3254 οὐκ
816 3191 879 3271 ἔφη
906 3192 1117 3264 καταλείψειν

97 3300 135 3361 τὸ
162 3299 268 3381 ίερόν,
291 3294 363 3363 ἀλλ’
390 3295 493 3361 αὐτοῦ
516 3294 738 3379 τεθνήξεσθαι
761 3298 889 3378 μᾶλλον
911 3291 931 3376 ή
956 3292 992 3358 ἐν
1016 3291 1115 3382 ἕτέρφ

172 3435 473 3505 §10=3Reg.1126.
547 3441 606 3500 §12
623 3460 655 3480 =
673 3432 933 3488 1Para1.V15-7.
1006 3438 1116 3498 §132

99 3524 301 3591 3Reg.1128.
