2400 3840
113 117 133 182 8
481 116 756 169 ΑΡΧΑΙΟΔΟΓΙΑΣ

113 279 241 364 θράσος
272 290 343 356 τοῖς
372 283 611 355 Παλαιστινοῖς
641 275 694 342 ἐπὶ
721 278 800 354 τοὺς
824 272 1016 360 Ἐβραίους,
1043 273 1131 342 τοῦτ’

113 384 252 463 ἐκείνοις
269 387 350 470 μετὰ
368 386 429 469 τήν
451 389 548 468 νίκην
567 382 705 467 ἐγένετο.
752 384 840 467 <30>
859 380 915 447 καὶ
933 385 1134 468 Σαμούηλος

114 493 314 578 στρατεύσας
342 489 393 558 ἐπ’
418 491 540 568 αὐτοὺς
567 491 699 577 ἀναιρεῖ
719 491 878 573 πολλούς,
907 487 964 555 καὶ
989 492 1030 556 τά
1055 514 1135 576 φρο

114 597 231 684 νήματ’
252 601 362 664 αὐτῶν
381 601 428 675 είς
446 600 483 664 τὸ
502 594 659 674 παντελὲς
677 609 837 681 ταπεινοῖ,
859 594 914 662 καὶ
936 598 1001 680 τήν
1023 599 1133 682 χῶραν

115 705 304 791 ἀφαιρεῖται
323 704 365 788 ήν
382 715 450 769 τῶν
465 701 637 770 Ἰουδαίων
656 702 855 788 ἀπετέμοντο
873 707 1040 789 πρότερον
1059 716 1156 789 upa-⁵

115 815 272 896 τήσαντες
294 820 333 896 τή
356 809 456 894 μάχη·
485 811 567 894 αὕτη
592 808 623 876 δ’
649 806 692 895 ήν
713 810 734 893 ή
757 809 853 895 μέχρι
875 813 1004 887 πόλεως
1025 808 1134 875 ’Λκκά-

116 942 223 1006 ρωνος
250 915 314 982 ἀπὸ
343 927 411 981 τῶν
437 925 496 1000 τής
520 919 637 1000 Γίττης
665 917 753 1002 ὅρων
781 915 985 1000 ἐκτεταμένη.
1032 912 1076 1000 ἦν
1099 912 1134 980 δέ

115 1023 187 1090 κατ’
220 1022 348 1088 ἐκεῖνον
380 1024 439 1088 τὸν
470 1025 588 1110 καιρὸν
620 1026 715 1108 φίλια
747 1035 818 1100 τοῖς
846 1020 1064 1107 Ἰσραηλίταις
1095 1023 1133 1086 τά

115 1130 359 1213 ὑπολειπόμενα
382 1140 450 1194 τῶν
473 1132 683 1195 Χαναναίων.

85 1247 104 1310 3
187 1236 273 1321 <31>
296 1236 314 1302 ό
338 1232 375 1300 δέ
402 1237 575 1321 προφήτης
597 1235 797 1320 Σαμούηλος
824 1236 1051 1318 διακοσμήσας
1077 1238 1133 1301 τὸν
1146 1249 1167 1289 1⁰

116 1343 199 1408 λαὸν
225 1338 280 1408 καὶ
308 1343 407 1408 πόλιν
435 1341 549 1418 αὐτοῖς
572 1339 733 1425 ἀποδούς,
761 1343 808 1418 είς
835 1341 961 1423 ταύτην
984 1340 1133 1407 ἐκέλευσε

116 1446 379 1533 συνερχομένους
401 1445 477 1534 περὶ
499 1459 567 1513 τῶν
585 1449 668 1534 πρὸς
687 1448 850 1531 ἀλλήλους
867 1450 1046 1533 κρίνεσθαι
1066 1450 1134 1513 δια-

116 1565 241 1639 φορῶν.
279 1554 378 1632 αὐτὸς
397 1550 434 1619 δέ
453 1552 506 1631 δὶς
523 1562 583 1619 τοῦ
603 1556 698 1631 ἔτους
712 1554 929 1641 ἐπερχόμενος
945 1554 1005 1632 τὰς
1023 1558 1135 1631 πόλεις

117 1658 264 1739 ἐδίκαζεν
292 1659 419 1743 αὐτοῖς,
447 1656 502 1724 καὶ
528 1660 656 1744 πολλήν
685 1659 865 1746 ἐβράβευεν
893 1660 1056 1744 εὐνομίαν
1084 1659 1135 1726 ἐπὶ

82 1770 240 1854 εχρόυον
267 1768 383 1834 πολύν.
429 1766 516 1850 <32>
540 1764 649 1833 ἔπειθ’
674 1768 740 1833 ὑπὸ
771 1769 880 1853 γήρως
907 1770 1136 1852 βαρυνόμενος
1149 1783 1172 1822 1⁵

116 1874 171 1941 καὶ
195 1877 234 1941 τά
259 1876 390 1958 συνήθη
408 1874 566 1961 πράττειν
585 1872 848 1959 ἐμποδιζόμενος,
871 1885 941 1950 τοῖς
962 1873 1053 1950 υίοῑς
1076 1876 1136 1958 τήν

118 1982 222 2067 ἀρχήν
249 1980 304 2048 καὶ
331 1983 392 2065 τήν
419 1985 624 2066 προστασίαν
655 1989 715 2047 τοῦ
744 1983 867 2056 έθνους
893 1981 1137 2066 παραδίδωσιν,

118 2082 166 2152 ὧν
194 2087 211 2153 ὁ
239 2084 302 2171 μὲν
327 2088 549 2174 πρεσβύτερος
569 2085 700 2171 Ἰώηλος
726 2087 1001 2173 προσηγορεύετο,
1028 2097 1076 2175 τῷ
1101 2084 1137 2152 δὲ

118 2189 266 2280 νεωτέρῳ
291 2190 383 2275 Ἀβία
415 2195 520 2277 όνομα
549 2187 600 2276 ἦν.
645 2190 825 2279 προσέταξε
857 2189 894 2258 δέ
921 2194 981 2258 τὸν
1008 2189 1072 2277 μὲν
1102 2194 1137 2259 ἐν

118 2298 284 2379 Βεθήλοις
305 2300 399 2363 πόλει
422 2301 646 2383 καθεζόμενον
667 2303 806 2384 κρίνειν,
829 2296 939 2365 τόνδ’
961 2298 1077 2387 ἕτερον
1102 2301 1138 2367 ἐν
1152 2317 1174 2356 2⁰

118 2406 321 2488 Βαρσουβαί,
344 2406 480 2487 μερίσας
502 2405 562 2469 τὸν
584 2405 859 2488 ὑπακουσόμενον
883 2403 1024 2494 ἑκατέρῳ
1044 2411 1136 2473 λαόν.

118 2510 204 2593 <33>
229 2507 382 2591 ἐγένοντο
407 2506 444 2574 δέ
467 2507 571 2595 σαφὲς
594 2505 686 2576 οὗτοι
710 2511 918 2598 παράδειγμα
940 2510 996 2576 καὶ
1019 2516 1137 2598 τεκμή-

119 2642 193 2703 ριον
215 2626 275 2684 τοῦ
298 2618 342 2704 μή
365 2619 425 2684 τὸν
447 2620 571 2705 τρόπον
592 2619 729 2706 ὁμοίους
746 2631 816 2696 τοῖς
835 2619 960 2703 φύσασι
979 2622 1140 2701 γίνεσθαί

119 2750 221 2810 τινας,
245 2725 328 2793 ἀλλὰ
351 2727 434 2811 τάχα
456 2724 518 2813 μέν
541 2730 703 2814 χρηστοὺς
725 2725 780 2792 καὶ
803 2728 956 2810 μετρίους
976 2723 1011 2790 ἐκ
1034 2749 1138 2810 πονη-

119 2843 202 2916 ρῶν·
225 2835 299 2897 τότε
317 2832 378 2916 μέν
397 2857 434 2915 χε
453 2836 604 2918 φαύλους
622 2832 655 2910 ἐξ
674 2832 813 2914 ἀγαθῶν
831 2829 999 2918 παρέσχον
1015 2832 1138 2911 αὑτοὺς
1152 2848 1174 2890 2⁵

119 2935 327 3022 γενομένους.
364 2938 452 3020 <34>
469 2949 537 3002 τῶν
555 2939 618 3022 γάρ
639 2945 699 3001 τοῦ
722 2937 845 3023 πατρὸς
869 2935 1138 3023 ἐπιτηδευμάτων

120 3043 355 3130 ἐκτραπόμενοι
373 3039 428 3106 καὶ
446 3042 508 3125 τήν
527 3042 681 3107 ἐναντίαν
700 3042 781 3108 δδὸυ
801 3041 1003 3120 ἀπελθόντες
1017 3045 1138 3129 δώρων

117 3148 173 3215 καὶ
196 3149 375 3236 λημμάτων
392 3149 539 3234 αἰσχρῶν
557 3152 764 3234 καθυφίεντο
784 3151 821 3216 τὸ
840 3150 981 3231 δίκαιον,
1004 3147 1060 3215 καὶ
1079 3153 1137 3227 τὰς

117 3260 243 3340 κρίσεις
270 3256 310 3322 ού
342 3258 426 3342 πρὸς
455 3254 516 3338 τήν
543 3254 705 3337 ἀλήθειαν
733 3256 816 3323 ἀλλά
843 3257 927 3342 πρὸς
954 3256 991 3320 τὸ
1018 3255 1137 3342 κέρδος

119 3364 328 3447 ποιούμενοι,
355 3360 410 3428 καὶ
440 3364 523 3448 πρὸς
545 3361 678 3447 τρυφήν
699 3360 755 3427 καὶ
777 3363 861 3446 πρὸς
884 3363 1012 3439 διαίτας
1034 3369 1136 3428 πολυ-
1151 3381 1174 3420 ³0

191 3483 546 3553 §30-1Re3.vss10.
