2400 3840
503 149 628 200 οΓΔοΗ
1009 150 1074 214 229

55 319 125 374 τῶν
139 309 229 393 ὀρῶν
245 311 380 391 βωμοῖς,
398 306 419 371 ἀ
438 309 597 393 δείγματα
615 317 674 392 τῆς
691 299 843 393 ἀσεβείας
862 307 952 375 ἐστὶν
969 311 1075 395 ὑμῶν,

56 413 130 480 ἀλλ’
152 412 226 498 ούχλ
250 422 308 497 της
330 418 524 499 θρησκείας;
547 413 567 497 ἢ
590 417 628 480 τὸ
646 421 777 498 πλῆθος
794 416 880 499 ὑμᾶς
901 415 1076 493 εὐέλπιδας

54 521 271 607 ἀπεργάζεται
289 520 351 603 τὴν
368 518 531 605 ἡμετέραν
550 523 708 607 στρατιάν
723 521 947 607 ὑπερβάλλον;
966 521 1076 606 <280>

54 625 129 693 ἀλλ’
152 624 224 692 οὐδ’
245 626 384 709 ἡτισοῦν
404 629 498 712 ἰσχὺς
515 628 689 713 μυριάδων
708 636 850 714 στρατοῦ
871 626 941 712 μετ’
962 627 1076 711 ἀδικη-

22 735 170 819 εμάτων
197 739 434 817 πολεμοῦντος·
459 731 495 798 ἐν
523 734 586 819 γάρ
614 737 706 822 μόνφ
733 741 778 822 τῷ
807 736 924 824 δικαίῳ
951 731 1075 821 καὶτῷ

54 842 140 923 πρὸς
167 841 205 904 τὸ
233 845 331 904 θεῖον
363 838 495 922 εὐσεβεῖ
524 839 586 922 τὴν
616 840 834 925 βεβαιοτάτην
867 839 983 906 ἐλπίδα
1015 849 1075 904 τοῦ

55 955 193 1032 κρατεῖν
225 955 293 1010 τῶν
326 943 488 1009 ἐναντίων
520 944 719 1011 ἀποκεῖσθαι
752 945 973 1030 συμβέβηκεν,
1004 946 1077 1028 η’τις

55 1050 127 1116 ἐστὶ
155 1049 232 1137 παρ’
262 1049 343 1136 ἡμῖν
370 1054 584 1136 τετηρηκόσιν
612 1051 645 1130 ἐξ
673 1052 775 1137 ἀρχῆς
800 1055 841 1117 τά
868 1055 991 1137 νόμιμα
1021 1049 1081 1116 καὶ·

54 1161 118 1224 τὸν
142 1158 231 1222 ίδιον
254 1158 338 1222 θεὸν
362 1155 567 1242 σεβομένοις,
595 1157 636 1223 δν
663 1158 704 1222 ού
731 1169 838 1243 χεῖρες
861 1157 1020 1242 ἐποίησαν
1044 1155 1076 1236 ἐξ

10 1287 37 1325 ιο
53 1265 140 1346 ῦλης
162 1268 328 1349 φθαρτῆς,
351 1260 424 1328 οὐδ’
451 1261 581 1329 ἐπίνοια
604 1273 753 1351 πονηροῦ
776 1263 938 1349 βασιλέως
961 1262 1013 1329 ἐπὶ
1036 1272 1076 1348 τη

56 1380 127 1434 τῶν
149 1371 257 1453 δχλων
284 1367 392 1454 ἀπάτη
417 1370 670 1453 κατεσκεύασεν,
698 1366 770 1434 ἀλλ’
797 1369 834 1447 ὃς
861 1372 961 1455 ἔργον
986 1367 1077 1434 ἐστὶν

57 1476 163 1540 αὑτοῦ
184 1472 240 1539 καὶ
263 1473 347 1559 ἀρχὴ
369 1471 425 1539 καὶ
448 1472 542 1551 τέλος
564 1484 633 1539 τῶν
655 1473 820 1540 ἁπάντων.
865 1476 974 1558 <281>
995 1491 1077 1557 συμ-

55 1581 209 1665 βουλεύω
231 1589 413 1666 τοιγαροῦν
435 1581 517 1664 ῦμῖν
541 1582 588 1646 ἐτι
611 1577 667 1645 καὶ
689 1588 754 1645 νῦν
777 1592 999 1664 μεταγνῶναι,
1021 1578 1077 1646 καὶ

56 1689 222 1772 λαβόντας
250 1686 373 1772 ἀμείνω
401 1688 562 1770 λογισμὸν
593 1688 787 1752 παύσασθαι
819 1696 879 1752 τοῦ
910 1692 1076 1770 πολεμεῖν,

13 1812 39 1855 15
54 1790 113 1858 καὶ
145 1795 185 1858 τά
212 1793 333 1879 πάτρια
364 1789 420 1858 καλ
451 1794 489 1857 τὸ
516 1794 708 1878 προαγαγὸν
739 1793 826 1877 ὑμᾶς
857 1791 910 1857 ε’πλ
937 1801 1076 1857 τοσοῦτο

56 1898 202 1985 μέγεθος
225 1899 440 1982 εὐδαιμονίας
462 1897 644 1984 γνωρίσαι.’

125 2006 236 2089 <282>
259 2014 363 2070 ταῦτα
385 2001 448 2089 μὲν
463 2001 573 2088 Ἀβίας
596 2001 753 2088 διελέχθη
776 2006 859 2089 πρὸς
876 2005 914 2069 τὸ
932 2010 1076 2087 πλῆθος·
1095 2019 1111 2067 3

57 2115 106 2177 ἐτι
131 2109 174 2175 δ’·
187 2111 292 2176 αὐτοῦ
315 2109 470 2193 λέγοντος
492 2109 604 2198 λάθρᾳ
625 2111 720 2187 τινάς
739 2121 806 2176 τῶν
825 2120 1035 2196 στρατιωτῶν
1059 2110 1076 2175 ὁ

53 2217 263 2303 Ἱεροβόαμος
291 2218 413 2302 ἔπεμψε
440 2213 791 2303 περικυκλωσομένους
817 2219 878 2282 τὸν
900 2213 1013 2300 Ἀβίαν
1042 2215 1077 2281 ἐκ

18 2345 44 2383 νο
57 2335 162 2388 τινῶν
185 2323 226 2388 ού
249 2334 406 2407 φανερῶν
428 2331 489 2388 τοῦ
508 2322 733 2409 στρατοπέδου
751 2335 870 2409 μερῶν.
916 2322 1019 2408 μέσον
1043 2321 1073 2388 δ’

59 2430 163 2495 αὐτοῦ
191 2427 458 2513 περιληφθέντος
488 2440 557 2495 τῶν
583 2434 765 2514 πολεμίων,
797 2430 818 2514 η
851 2428 912 2515 μὲν
941 2431 1077 2516 στρατιά

57 2533 227 2600 κατέδεισε
248 2533 304 2600 καὶ
327 2547 400 2612 ταῖς
421 2546 544 2620 ψυχαῖς
566 2535 741 2619 ἀνέπεσεν,
764 2535 783 2601 δ
807 2533 837 2599 δ’
861 2534 972 2621 Ἀβίας
994 2558 1076 2622 παρ-

58 2641 227 2726 εθάρρυνε
249 2639 305 2706 καὶ
327 2642 386 2718 τάς
409 2639 545 2717 ἐλπίδας
567 2643 654 2724 ἐχειν
678 2639 715 2705 ἐν
732 2649 779 2728 τῶ
797 2646 867 2728 θεῷ
885 2642 1075 2725 παρεκάλει·

57 2755 179 2812 τοῦτον
193 2749 256 2833 γὰρ
271 2747 312 2812 ού
326 2752 556 2812 κεκυκλῶσθαι
574 2747 657 2832 πρὸς
673 2757 741 2811 τῶν
754 2748 930 2830 πολεμίων.
967 2745 1076 2829 <283>

17 2873 43 2912 25
58 2857 95 2916 οῖ
115 2851 147 2917 δ’
169 2853 253 2937 ὁμοῦ
275 2853 398 2930 πάντες
419 2851 691 2936 ἐπικαλεσάμενοι
713 2852 775 2935 τὴν
797 2853 886 2937 παρὰ
907 2860 968 2917 τοῦ
991 2857 1076 2915 θεοῦ

58 2963 259 3045 συμμαχίαν,
282 2971 351 3025 τῶν
375 2957 491 3046 ίερέων
513 2967 552 3044 τῇ
576 2960 733 3041 σάλπιγγι
756 2959 975 3044 σημηνάντων
998 2957 1076 3022 ἀλα-

56 3064 216 3144 λάξαντες
239 3065 410 3153 ἐχώρησαν
438 3063 491 3130 ἐπὶ
514 3069 593 3143 τοῦς
614 3069 802 3151 πολεμίους.
846 3062 902 3131 καὶ
925 3061 994 3130 τῶνΙ
1015 3059 1076 3146 μέν

57 3176 205 3260 ἔθραυσε
227 3175 267 3238 τδι
291 3173 488 3258 φρονήματα
510 3170 569 3237 καὶ-
585 3174 644 3250 τάς
666 3173 771 3256 ἀκμάς
794 3172 904 3239 αὐτῶν
924 3169 1076 3248 ἐξέλυσεν
1166 3242 1168 3247 y

58 3280 75 3345 ὁ
103 3282 199 3362 θεός,
231 3278 292 3361 τὴν
325 3276 356 3343 δ’
384 3275 476 3362 Ἀβία
509 3279 667 3364 στρατιάν
698 3276 883 3363 ὑπερτέραν
913 3278 1076 3361 ἐποίησεν.

14 3404 41 3442 ³0
57 3387 169 3469 <284>
183 3385 261 3461 ὅσος
278 3385 341 3470 γάρ
357 3381 509 3449 οὐδέποτ’
527 3383 760 3468 ἐμνημονεύθη
774 3386 880 3468 φόνος
895 3382 931 3449 ἐν
944 3381 1076 3471 πολέμῳ

130 3511 211 3570 §280
231 3531 264 3550 =
284 3504 525 3561 2Para1.xl118.
