2400 3840
553 115 652 164 EKTH
1073 112 1113 175 71

94 276 213 356 ἔθνος,
240 270 296 338 καὶ
327 275 450 339 δοῦλον
478 273 564 352 ἐξειν
593 272 671 359 παρ’
697 273 738 339 ὃν
767 277 801 359 ζῇ
829 277 953 361 χρόνον
981 274 1017 340 ἐν
1044 287 1115 353 τοϊς

93 379 201 444 αὐτοῦ
224 379 458 464 καταμένοντα.

163 486 273 570 <325>
295 488 377 552 κατὰ
396 484 433 552 δὲ
451 489 511 552 τὸν
529 486 631 553 αὐτὸν
653 490 772 573 καιρὸν
790 500 858 554 τῶν
877 493 1114 553 Παλαιστινῶν
1125 497 1169 562 14

96 589 151 656 ἐπὶ
169 595 248 669 τοὺς
264 590 465 677 Ἰσραηλίτας
484 595 675 678 στρατεύειν
693 596 932 678 διεγνωκότων,
950 593 1006 659 καὶ
1024 617 1115 680 περι-

67 697 298 782 οπεμψοίντων
312 700 395 785 πρὸς
412 703 491 776 τοὺς
509 701 701 785 συμμάχους
720 703 876 785 ἅπαντας,
894 703 950 766 ἵνα
964 712 1115 785 παρῶσιν

96 802 212 880 αὐτοῖς
247 806 295 881 είς
326 807 386 870 τὸν
416 809 563 891 πόλεμον
595 808 643 883 είς
670 805 818 891 Ῥεγγᾶν,
856 808 939 872 ὅθεν
976 810 1114 891 ἐμελλον

95 909 338 994 ἀθροισθέντες
362 909 503 997 ἐξορμᾶν
527 912 580 978 ἐπὶ
603 917 681 991 τοὺς
699 912 883 999 Ἑβραίους,
907 913 925 978 ὁ
948 924 1016 978 τῶν
1039 916 1114 978 Γιτ-

94 1026 163 1080 τῶν
187 1019 343 1100 βασιλεὺς
363 1016 499 1103 Ἀγχοῦς
526 1029 737 1105 συμμαχῆσαι
764 1020 823 1085 τὸν
845 1021 1001 1103 Δαυίδην
1024 1019 1113 1109 αύτῷ

95 1123 176 1207 μετὰ
207 1135 276 1188 τῶν
309 1125 405 1189 ίδίων
435 1125 580 1191 ὁπλιτῶν
613 1124 666 1190 ἐπὶ
696 1129 776 1203 τοὺς
803 1124 977 1211 Ἑβραίους
1009 1125 1114 1209 ἠξίου.

54 1247 81 1286 10
95 1229 205 1312 <326>
228 1239 288 1294 τοῦ
319 1227 356 1296 δὲ
382 1233 565 1317 προθύμως
592 1231 838 1316 ὑποσχομένου,
865 1230 920 1296 καὶ
944 1234 1114 1316 φήσαντος

94 1345 303 1422 παραστῆναι
320 1337 439 1422 καιρὸν
459 1337 495 1403 ἐν
514 1333 540 1426 ᾧ
557 1338 619 1421 τὴν
638 1338 781 1423 ἀμοιβὴν
800 1337 888 1426 αὐτῷ
907 1347 965 1422 τῆς
984 1337 1114 1422 εὐεργε-

94 1445 170 1518 σιάς
192 1440 248 1506 καὶ
270 1451 329 1525 τῆς
353 1442 461 1520 ξενίας
484 1442 670 1508 ἀποδώσειν
692 1443 805 1528 αὑτόν,
827 1443 882 1508 καὶ
901 1443 1034 1527 φύλακα
1052 1453 1113 1508 τοῦ

94 1548 246 1632 σώματος
268 1550 348 1632 μετὰ
370 1549 432 1631 την
458 1553 557 1632 νίκην
583 1548 639 1614 καὶ
665 1550 814 1632 τόγῶνος
840 1560 900 1615 τοῦ
929 1551 1012 1635 πρὸς
1034 1554 1115 1627 τοὺς

93 1657 274 1738 πολεμίους
300 1656 383 1719 κατὰ
412 1664 496 1721 νοῦν
518 1657 731 1742 χωρήσαντος
757 1656 870 1733 αὐτοῖς
898 1655 1113 1739 ἐπηγγείλατο

53 1777 79 1817 15
93 1761 248 1842 ποιήσειν
271 1760 389 1844 αὐτόν,
418 1770 457 1847 τῇ
485 1771 544 1845 τῆς
570 1771 666 1847 τιμῆς
693 1761 748 1827 καὶ
775 1766 915 1839 πίστεως
938 1762 1113 1846 ὑποσχέσει

93 1865 130 1931 τὸ
154 1868 334 1950 πρόθυμον
357 1866 461 1932 αὐτοῦ
484 1873 612 1952 μᾶλλον
635 1867 754 1946 αὔξων.

161 1972 271 2056 <327>
296 1975 388 2057 ἐτυχε
412 1970 450 2038 δὲ
468 1974 623 2051 Σύουλος
645 1974 663 2039 ὁ
686 1983 754 2039 τῶν
773 1971 936 2060 Ἑβραίων
957 1977 1112 2059 βασιλεὺς
1131 1997 1148 2044 2

92 2081 174 2154 τοὺς
197 2075 258 2162 μέν
280 2079 413 2162 μάντεις
435 2079 491 2144 καὶ
513 2062 594 2157 τοὺς
617 2079 904 2165 ἐγγαστριμύθους
925 2078 980 2145 καὶ
1002 2090 1113 2146 πᾶσαν

93 2185 157 2267 τὴν
170 2187 328 2269 τοιαύτην
341 2184 461 2270 τέχνην
478 2185 513 2251 ἐκ
530 2196 589 2270 της
606 2188 716 2274 χώρας
735 2186 947 2272 ἐκβεβληκῶς,
966 2186 1025 2265 ἐξω
1045 2199 1113 2253 τῶν

50 2307 78 2346 2⁰
92 2303 288 2375 προφητῶν,
310 2292 456 2369 ἀκούσας
478 2290 516 2358 δὲ
538 2296 617 2370 τοὺς
636 2297 884 2372 Παλαιστινοὺς
902 2296 965 2378 ἤδη
989 2298 1113 2380 παρόν-

92 2421 153 2474 τας
175 2397 231 2462 καὶ
255 2400 388 2480 ἐγγιστα
406 2400 542 2482 Σούνης
562 2403 689 2477 πόλεως
707 2399 744 2465 ἐν
766 2411 812 2489 τῷ
834 2402 937 2490 πεδίῳ
961 2401 1114 2486 κειμένης

92 2502 448 2588 ἐστρατοπεδευκότας,
485 2503 671 2593 ἐξώρμησεν
704 2504 754 2571 ἐπ’
789 2506 911 2584 αὐτοὺς
943 2509 1023 2590 μετὰ
1054 2516 1113 2590 τῆς

93 2610 277 2694 δυνάμεως.
323 2611 433 2694 <328>
460 2609 516 2676 καὶ
543 2613 811 2696 παραγενόμενος
838 2610 920 2695 πρὸς
947 2613 1018 2695 όρει
1044 2610 1112 2676 τινὶ

93 2713 242 2800 Γελβουὲ
259 2716 452 2806 καλουμένῳ
472 2718 626 2802 βάλλεται
646 2717 869 2801 στρατόπεδον
887 2715 1025 2800 ἀντικρὺ
1045 2727 1113 2782 τῶν

49 2837 77 2878 2⁵
91 2826 271 2908 πολεμίων.
316 2823 467 2909 ταρύττει
491 2821 522 2887 δ’
545 2821 648 2889 αὐτὸν
670 2821 731 2914 οὐχ
756 2823 800 2898 ῶς
823 2823 939 2906 ἔτυχεν
958 2823 1111 2907 ίδόνταὴ

91 2940 163 2994 τῶν
187 2927 320 3013 ἐχθρῶν
348 2930 504 3013 δύναμις,
530 2931 637 3012 πολλή
665 2926 694 2993 τ’
721 2923 804 2993 οὖσα
831 2927 886 2992 καὶ
909 2938 968 3011 της
990 2931 1113 3006 οίκείας

89 3039 253 3120 κρείττων
275 3034 520 3119 ὑπονοουμένη·
549 3034 604 3100 καὶ
626 3038 686 3101 τὸν
708 3038 791 3101 θεὸν
815 3037 871 3101 διὰ
893 3046 961 3100 τῶν
984 3058 1112 3121 προφη-

89 3154 163 3207 τῶν
187 3141 292 3229 ἐρωτᾷ
314 3141 390 3228 περὶ
418 3150 476 3225 τῆς
503 3143 607 3226 μύλης
634 3141 689 3207 καὶ
711 3152 772 3207 τοῦ
795 3141 870 3227 περὶ
892 3143 1017 3224 ταύτην
1041 3141 1112 3207 ἐσο-

90 3248 199 3334 μένου
221 3247 339 3325 τέλους
361 3260 542 3333 προειπεῖν.
588 3250 697 3332 <329>
712 3249 773 3314 οὐκ
791 3247 1056 3335 ἀποκρινομένου
1075 3247 1113 3315 δὲ

48 3374 75 3415 ω
89 3366 155 3422 τοῦ
188 3361 284 3438 θεοῦ,
317 3356 365 3419 ἐτι
394 3359 521 3439 μᾶλλον
549 3355 567 3420 ὁ
595 3355 749 3431 Σάουλος
775 3354 942 3420 κατέδεισε
969 3354 1024 3420 καὶ
1051 3357 1114 3439 την

167 3481 251 3543 ςεεε
271 3501 305 3522 =
326 3475 424 3545 τρες.
444 3475 599 3531 xxv1111.
