2400 3840
527 133 627 183 EKTH
761 125 767 138 '
1046 133 1088 196 29

69 291 295 378 κρατηκότος.’
341 292 449 375 <128>
464 289 517 358 ἐπὶ
536 295 667 370 τούτοις
687 294 705 359 δ
720 295 800 371 λαὸς
818 304 882 371 πᾶς
899 296 1021 377 ήλγησε
1034 293 1089 360 καὶ

71 397 275 482 συνέπαθεν,
290 397 400 483 ῶμοσέ
406 423 442 464 τε
457 400 500 484 μή
510 402 732 485 περιόψεσθαι
742 401 802 465 τὸν
811 407 920 466 αἴτιον
929 409 987 482 τής
996 403 1091 483 νίκης

68 504 235 588 Ἰωνάθην
253 504 477 572 ἀποθανόντα.
513 504 568 571 καὶ
589 508 650 572 τὸν
673 503 734 591 μὲν
753 507 857 584 οὕτως
876 505 1090 592 ἐξαρπάζουσι

71 621 130 694 τῆς
143 619 206 676 τοῦ
223 613 348 697 πατρὸς
362 611 454 698 άρᾶς,
469 610 564 677 αὐτοὶ
583 610 614 676 δ’
631 612 729 696 εὐχάς
742 609 825 699 ὑπὲρ
840 623 900 678 τοῦ
914 617 1091 679 νεανίσκου

46 735 59 775 ⁵
72 727 251 783 ποιοῦνται
259 727 305 806 τῷ
318 725 388 806 θεῷ
403 716 480 784 ὥστ’
492 719 596 784 αὐτὸν
606 717 769 784 ἀπολῦσαι
783 729 843 784 τοῦ
852 719 1090 804 ἁμαρτήματος.

140 825 250 907 (129>
272 821 327 889 καὶ
355 825 373 891 ὁ
397 825 552 902 Σάουλος
580 827 627 902 είς
653 826 715 909 τήν
744 825 864 891 ἑαυτοῦ
892 829 991 892 πόλιν
1013 828 1126 892 ὑπε-6

72 941 209 1015 στρεῦε,
237 932 440 1018 διαφθείρας
468 928 546 997 ὡσεὶ
574 933 737 1017 μυριάδας
764 932 798 1011 ἓξ
825 945 893 999 τῶν
915 938 1091 1016 πολεμίων.

73 1039 249 1131 βασιλεύει
267 1036 298 1102 δ’
324 1038 483 1123 εὐτυχῶς,
510 1037 565 1103 καὶ
592 1039 632 1104 τά
655 1043 866 1125 πλησιόχωρα
888 1050 957 1105 τῶν
980 1038 1093 1105 ἐθνῶν

73 1144 262 1228 πολεμήσας
284 1153 452 1230 χειροῦται
477 1148 515 1210 τό
538 1168 574 1210 τε
594 1142 801 1230 Ἀμμανιτῶν
822 1143 878 1210 καὶ
901 1150 1093 1230 Μωαβιτῶν

34 1267 61 1307 1⁰
73 1248 129 1314 καὶ
153 1253 411 1334 Παλαιστινούς,
439 1248 646 1336 Ἰδουμαίους
668 1275 703 1317 τε
725 1250 780 1316 καὶ
801 1249 1015 1337 Ἀμαληκίτας
1038 1251 1092 1317 καὶ

74 1359 135 1423 τὸν
157 1355 295 1441 βασιλέα
321 1365 380 1441 τῆς
402 1360 532 1440 Σωβᾶς.
578 1353 664 1441 ήσαν
691 1355 729 1422 δδ
755 1360 872 1436 παῖδες
894 1359 982 1446 αὐτῷ
1005 1370 1094 1443 τρεῖς

74 1461 137 1548 μὲν
159 1465 311 1548 ἄρρενες,
337 1461 498 1546 Ἰωνάθης
520 1462 575 1528 καὶ
596 1462 717 1541 Ἰεσοῦς
739 1462 795 1529 καὶ
818 1464 1001 1550 Μέλχισος,
1031 1471 1093 1529 θυ-

74 1569 211 1656 γατέρες
239 1566 276 1634 δὲ
304 1571 444 1656 Μερόβη
475 1567 532 1634 καὶ
558 1570 704 1654 Μιχάλα.
754 1573 938 1656 στρατηγὸν
966 1570 997 1637 δ’
1028 1567 1094 1656 εἶχε

74 1679 135 1742 τὸν
167 1684 229 1740 τοῦ
261 1679 360 1741 θείου
386 1676 491 1741 παῖδα
516 1673 728 1762 Ἀβέννηρον
779 1679 888 1760 <130>
918 1683 1032 1764 Νήρος
1059 1675 1091 1741 δ’

37 1798 61 1838 1⁵
75 1783 204 1858 ἐκεῖνος
234 1781 388 1848 ἐκαλεῖτο.
440 1785 555 1867 Νήρος
584 1779 623 1846 δδ
654 1780 709 1847 καὶ
738 1787 859 1860 Κεῖσος
887 1784 904 1849 ὁ
936 1785 1094 1848 Σαούλου

74 1889 183 1974 πατὴρ
199 1885 339 1971 ἀδελφοὶ
353 1882 449 1971 ήσαν,
463 1886 531 1953 υίοὶ
549 1885 580 1952 δ’
595 1885 759 1971 Ἀβιήλου
787 1883 830 1971 ήν
844 1884 881 1953 δὲ
895 1886 950 1953 καὶ
964 1894 1095 1971 πλῆθος

75 1995 232 2079 ἁρμάτων
256 1995 399 2082 Σαούλῳ
422 1991 477 2058 καὶ
502 1990 641 2058 ίππέων·
671 1992 730 2070 οὓς
753 1989 790 2058 δὲ
813 1994 1018 2078 πολεμήσειε,
1045 2020 1094 2060 νι-

75 2102 180 2184 κήσας
190 2099 423 2183 ἀπηλλάττετο,
437 2097 493 2165 καὶ
507 2103 586 2175 τοὺς
597 2097 771 2184 Ἑβραίους
786 2103 834 2178 είς
848 2101 1031 2186 εὐπραγίαν
1040 2098 1095 2165 καὶ

77 2206 223 2291 μέγεθος
237 2207 451 2291 εὐδαιμονίας
464 2206 681 2291 προηγάγετο,
695 2205 750 2271 καὶ
764 2219 832 2273 τῶν
845 2210 956 2274 άλλων
966 2208 1095 2274 ἀπέδει-

38 2329 65 2368 20
79 2312 135 2391 ξεν
149 2311 263 2377 ἐθνῶν
276 2311 534 2397 δυνατωτέρους.
562 2323 630 2378 τῶν
649 2309 686 2378 δὲ
704 2316 791 2379 νέων
808 2318 887 2392 τούς
905 2315 945 2398 δή
961 2314 1095 2400 μεγέθει

76 2416 133 2483 καὶ
151 2419 266 2485 κάλλει
284 2417 506 2505 διαφέροντας
524 2420 674 2503 φύλακας
692 2429 752 2485 τοῦ
771 2422 921 2505 σώματος
944 2421 1095 2487 ἐποιεῖτο.

146 2525 266 2608 <131>
300 2527 498 2609 Σαμούηλος
539 2522 577 2591 δέ
614 2530 881 2611 παραγενόμενος
917 2529 1001 2612 πρὸς
1036 2530 1129 2596 τὸν7

78 2631 238 2696 Σάουλον
251 2638 448 2715 πεμφθῆναι
462 2633 545 2717 πρὸς
559 2633 662 2697 αὐτὸν
678 2635 821 2714 ἔφασκεν
838 2633 903 2696 ὑπὸ
922 2642 983 2696 τοῦ
1001 2639 1096 2715 θεοῦ,

78 2739 170 2814 ὅπως
197 2736 300 2802 αὐτὸν
326 2738 510 2822 ὑπομνήσει
539 2738 588 2803 ὅτι
619 2735 757 2820 βασιλέα
786 2740 967 2822 προκρίνας
994 2737 1097 2803 αὐτὸν

41 2857 65 2898 2⁵
79 2843 237 2908 ἁπάντων
256 2843 274 2909 ὁ
292 2844 374 2920 θεὸς
392 2842 552 2927 ἀπέδειξε,
575 2840 630 2908 καί
650 2843 706 2908 διά
724 2852 822 2908 τοῦτο
843 2847 1024 2910 πείθεσθαι
1042 2843 1097 2910 καὶ

77 2951 244 3032 κατήκοον
270 2949 360 3036 αὐτῷ
383 2952 554 3033 γίνεσθαι,
584 2949 629 3026 ὡς
656 2951 760 3016 αὐτοῦ
788 2948 849 3036 μὲν
876 2955 1010 3037 ἔχοντος
1037 2953 1099 3034 τήν

78 3067 148 3121 τῶν
172 3053 285 3120 ἐθνῶν
306 3053 498 3140 ήγεμονίαν,
520 3065 581 3120 τοῦ
604 3053 642 3120 δδ
664 3063 749 3122 θεοῦ
771 3056 826 3123 καὶ
845 3060 906 3141 τήν
924 3057 994 3124 κατ’
1017 3056 1097 3122 ἐκεί-

78 3185 144 3227 νου
166 3158 313 3226 καὶτῶν
335 3161 423 3226 ὅλων
445 3161 656 3246 πραγμάτων.
701 3162 811 3246 λέγειν
837 3169 955 3231 τοίνυν
978 3167 1098 3247 ἔφασκε

78 3269 140 3333 τὸν
158 3269 254 3349 θεόν,
278 3267 387 3360 <j32>
408 3265 478 3332 ἐπεὶ
496 3269 603 3333 πολλά
621 3271 704 3334 κακά
721 3273 800 3347 τούς
815 3270 989 3354 Ἑβραίους
1004 3268 1098 3355 Ἀμα-

42 3388 67 3427 ³⁰
80 3379 212 3457 ληκϊται
236 3370 398 3456 διέθηκαν
420 3375 502 3438 κατά
524 3375 586 3456 τήν
605 3376 737 3459 ἔρημον,
761 3374 809 3441 ὅτ’
832 3375 1022 3454 ἐξελθόντες
1040 3375 1096 3442 ἀπ’

153 3497 237 3560 §129
257 3519 291 3540 -
311 3493 411 3561 1Reg.
429 3491 494 3545 XIV
510 3500 552 3548 49.
