2400 3840
86 123 152 186 314
455 125 728 176 APXAIOAOPIAZ

85 287 120 351 οί
141 281 178 350 δὲ
201 288 340 349 Λευῖται
363 296 576 369 περιεστῶτες
600 284 636 349 ἐν
659 286 768 374 κύκλῳ
793 287 880 368 μετά
907 299 982 353 τῶν
1006 305 1110 372 μουσι

84 403 154 457 κῶν
176 392 330 476 ὀργάνων
353 386 437 476 ᾖδον
459 392 587 476 ὕμνους
614 395 662 468 είς
689 394 748 456 τὸν
770 394 859 457 θεὸν
886 391 949 458 καὶ
975 397 1110 473 ἔψαλλον
1135 467 1137 470 ,

85 499 131 574 ῶς
155 496 380 582 ἐδιδάχθησαν
402 497 467 563 ὑπὸ
486 499 650 582 Δαυίδου,
674 499 709 564 οἱ
730 493 768 563 δὲ
790 498 910 565 λοιποὶ
933 502 1038 586 ίερεῖς
1061 506 1109 586 βυ·
1139 579 1141 595 3

84 604 188 680 κάνας
216 605 346 687 ἔχοντες
374 603 588 682 ἐπεσάλπιζον
615 615 685 681 τοῖς
706 605 941 693 ύμνῳδοῦσιν.
990 608 1109 673 τούτων

85 707 123 776 δὲ
150 708 339 794 γενομένων
372 708 425 775 ἐπὶ
457 711 635 796 πρόσωπον
667 710 825 796 ῥίψαντες
859 709 1011 789 ἑαυτοὺς
1038 715 1057 780 ὅ
1081 729 1126 778 τεν

85 820 241 901 βασιλεὺς
259 815 314 881 καὶ
332 818 370 881 τὸ
388 822 519 900 πλῆθος
536 817 767 903 προσεκύνουν
785 818 847 881 τὸν
866 821 967 883 θεόν.
1010 822 1108 904 <2ῖο>

85 925 196 989 ἐπειτα
227 923 306 988 θύει
338 918 399 1006 μὲν
431 926 513 1006 βοῦς
545 920 787 1007 ἐβδομήκοντα,
822 926 948 1007 κριοὺς
988 924 1108 1006 ἑκατόν,

85 1031 188 1115 ἀρνας
211 1029 416 1111 διακοσίους,
444 1038 489 1116 τῶ
512 1031 635 1112 πλήθει
659 1026 696 1094 δὲ
718 1030 801 1115 πρὸς
824 1029 979 1114 εὐωχίαν
1008 1031 1107 1117 ἐχαρί-
1146 1016 1147 1021 ¹

85 1151 164 1198 σατο
187 1137 268 1217 βοῦς
292 1130 353 1218 μὲν
376 1131 568 1212 ἑξακοσίους
585 1136 626 1200 τά
645 1132 683 1200 δέ
701 1136 800 1203 λοιπά
817 1134 1007 1220 θρέμματα
1024 1153 1106 1222 τρισ-
1146 1178 1147 1181 =

83 1242 183 1324 χίλια.
227 1236 283 1304 καὶ
310 1239 417 1305 πάντα
444 1237 506 1324 μὲν
533 1242 569 1305 οί
594 1242 693 1327 ίερεῖς
720 1239 919 1317 ἀκολούθως
949 1241 1106 1327 ἐποίησαν
1115 1260 1149 1330 α

84 1356 130 1435 τῷ
143 1349 245 1436 νόμῳ,
263 1348 394 1425 τούτοις
408 1344 439 1411 δ’
457 1347 474 1413 ὁ
494 1351 648 1431 βασιλεὺς
666 1346 828 1431 ἡδόμενος
847 1346 1013 1432 εὐωχεῖτο
1033 1350 1106 1435 μετὰ
1149 1376 1152 1446 χ

84 1462 145 1517 τοῦ
168 1459 263 1537 λαοῦ,
286 1463 331 1541 τῷ
353 1459 423 1542 θεῶ
445 1454 544 1539 χάριν
569 1455 657 1538 ἔχειν
680 1453 861 1538 ὁμολογῶν.
910 1455 1039 1539 <271>
1061 1455 1105 1520 έν·
1149 1451 1152 1509 ’ί

85 1557 206 1638 στάσης
229 1556 266 1623 δὲ
284 1567 343 1642 τῆς
364 1570 432 1623 τῶν
455 1559 588 1644 ἀζύμων
610 1557 727 1646 ἑορτῆς
744 1559 912 1635 θύσαντες
931 1560 998 1644 τὴν
1018 1568 1105 1645 λεχο-

85 1659 188 1746 μένην
210 1663 334 1748 πάσχα,
361 1665 420 1741 τάς
442 1666 544 1742 ἀλλας
570 1667 607 1731 τὸ
631 1667 750 1731 λοιπὸν
776 1668 901 1742 θυσίας
926 1665 1105 1733 ἐπετέλουν

86 1765 138 1853 ἐφ’
159 1767 283 1857 ἡμέρας
306 1768 396 1836 ἑπτά.
440 1781 486 1859 τῷ
510 1768 546 1835 δὲ
565 1773 697 1855 πλήθει,
721 1769 822 1858 πάρεξ
847 1765 895 1836 ὧν
916 1771 1104 1862 έκαλλιέρη-
1116 1789 1133 1830 1⁵
1151 1766 1152 1777 ἐ

85 1892 148 1940 σαν
171 1876 277 1962 αὐτοί,
300 1879 444 1964 ταύρους
467 1875 528 1962 μὲν
552 1880 736 1963 δισχιλίους
758 1874 934 1964 θρέμματα
957 1877 988 1942 δ’
1014 1879 1106 1946 ἑπτα-

84 1986 229 2068 κισχίλια
248 1983 265 2049 ὁ
285 1987 440 2068 βασιλεὺς
459 1983 641 2070 ἐχαρίσατο.
683 1985 720 2049 τὸ
744 1981 775 2048 δ’
797 1982 956 2049 αὐτὸκαὶ
981 1987 1019 2050 οί
1036 1987 1106 2069 ἡχε-
1143 1969 1148 1980 ’

84 2093 183 2173 μόνες
197 2089 368 2172 ἐποίησαν·
388 2094 516 2174 χιλίους
529 2087 591 2174 μὲν
605 2092 667 2175 γάρ
682 2091 826 2176 ταύρους
844 2090 967 2154 ἔδοσαν
982 2092 1106 2174 αὐτοῖς,

84 2191 259 2276 θρέμματα
273 2191 311 2257 δὲ
324 2199 413 2277 χίλια
431 2193 486 2259 καὶ
505 2195 754 2279 τετταράκοντα.
791 2197 900 2278 <272>
913 2195 970 2260 καὶ
985 2207 1106 2264 τοῦτον

84 2299 143 2361 τὸν
165 2299 290 2381 τρόπον
314 2297 377 2363 ἀπὸ
398 2302 600 2380 Σολομῶνος
622 2308 682 2364 τού
702 2299 863 2384 βασιλέως
882 2300 943 2366 οὐκ
963 2303 1106 2387 ἀχθεῖσα
1119 2321 1138 2361 ²⁰

83 2400 103 2484 ἡ
133 2398 228 2486 ἑορτὴ
256 2405 329 2467 τότε
356 2413 489 2488 πρῶτον
517 2409 675 2490 λαμπρῶς
701 2405 757 2471 καὶ
785 2411 969 2492 φιλοτίμως
998 2409 1105 2475 ἐπετε-

35 2496 37 2498 ’
84 2506 199 2591 λέσθη.
240 2508 285 2586 ὡς
308 2506 345 2575 δὲ
367 2510 407 2575 τά
430 2507 506 2597 περὶ
528 2511 589 2594 τὴν
613 2508 731 2598 ἑορτὴν
750 2513 863 2589 αὐτοῖς
882 2511 986 2598 πέρας
1008 2512 1106 2599 εἶχεν,

85 2613 276 2695 ἐξελθόντες
303 2620 351 2696 είς
373 2619 434 2702 τὴν
457 2619 569 2706 χώραν
591 2619 733 2701 ἥγνισαν
758 2619 876 2701 αὐτήν·
904 2621 1026 2704 <273>
1049 2621 1104 2687 καὶ

84 2723 146 2806 τὴν
175 2727 274 2790 πόλιν
306 2723 343 2790 δέ
374 2727 498 2802 παντὸς
530 2725 700 2812 ἐκάθηραν
731 2725 912 2809 μιάσματος
945 2728 1105 2811 εἰδώλων,

84 2829 142 2905 τάς
164 2853 201 2894 τε
223 2831 449 2914 καθημερινάς
475 2834 599 2907 θυσίας
627 2830 644 2896 ὁ
668 2832 823 2914 βασιλεὺς
850 2827 885 2893 ἐκ
913 2841 981 2895 τῶν
1008 2835 1141 2899 ίδίωνύ

87 2933 310 3000 ἐπιτελεῖσθαι
334 2934 461 3012 διέταξε
484 2938 565 3001 κατά
588 2937 647 3000 τὸν
670 2940 785 3020 νόμον,
807 2933 863 3000 καὶ
885 2947 956 3013 τοῖς
981 2939 1106 3024 ίερεύσι

87 3039 142 3104 καί
170 3045 327 3116 Λευίταις
358 3040 416 3115 τάς
448 3040 585 3116 δεκάτας
615 3041 714 3125 ὥρισε
746 3042 834 3127 παρά
864 3050 925 3106 τοῦ
951 3038 1107 3126 πλήθους

88 3146 246 3210 δίδοσθαι
277 3141 332 3209 καὶ
364 3144 423 3218 τάς
454 3143 602 3229 ἀπαρχάς
634 3157 702 3209 τῶν
728 3156 876 3231 καρπῶν,
908 3145 953 3212 ἵν’
984 3148 1037 3214 ἀεὶ
1067 3162 1106 3237 τῇ

86 3255 249 3337 θρησκεία
271 3245 483 3334 παραμένωσι
511 3247 566 3314 καὶ
594 3258 653 3334 τῆς
674 3255 856 3336 θεραπείας
878 3248 961 3319 ὦσιν
985 3253 1107 3343 ἀχώρι-

87 3372 158 3420 στοι
181 3365 242 3420 τοῦ
265 3362 358 3419 θεοῦ.
400 3354 496 3432 (Ψ
768 3361 869 3439 λῇθος
886 3360 1106 3449 συνεισέφερε
1120 3382 1144 3423 ω

158 3480 241 3539 §270
261 3502 294 3521 =
313 3474 352 3530 2]
