2400 3840
123 141 190 204 214
495 135 768 189 AmeAorm

122 304 184 369 ὅσα
211 325 248 385 γε
275 303 358 387 πρὸς
384 301 422 365 τὸ
450 309 554 383 γῆρας
580 298 646 364 ὑπὸ
673 308 741 362 τῶν
763 306 936 379 γυναικῶν
958 293 1149 380 ἀπατηθεὶς

122 412 347 494 παρηνόμησε·
375 403 450 492 περὶ
478 399 527 471 ὧν
552 401 608 470 καί
635 415 704 470 τῶν
728 400 773 468 δι’
798 401 901 479 αὐτὰς
923 412 1042 468 κακῶν
1066 420 1149 488 συμ-

121 518 293 581 πεσόντων
315 513 481 599 Ἑβραίοις
507 513 556 589 είς
582 512 701 597 καιρὸν
728 509 842 596 ἕτερον
870 505 967 587 ἔδοξέ
989 532 1051 593 μοι
1077 510 1149 575 δια-

123 631 280 707 σαφῆσαι.

87 729 107 795 8
188 729 298 812 <212>
326 729 406 814 μετὰ
433 723 470 792 δὲ
494 726 557 809 τὴν
578 732 639 791 τοῦ
662 729 865 808 Σολομῶνος
887 724 1052 808 τελευτὴν
1076 726 1169 790 δια-ε

121 834 303 920 δεξαμένου
325 844 386 900 τοῦ
408 834 527 910 παιδὸς
549 831 654 898 αὐτοῦ
676 832 738 915 τὴν
758 832 933 917 βασιλείαν
947 827 1145 918 Ῥοβοάμου,

121 940 158 1017 ὃς
188 939 224 1007 έκ
251 943 409 1024 γυναικὸς
432 937 665 1025 Ἀμμανίτιδος
690 938 839 1024 ὑπῆρχεν
865 936 956 1026 αὐτῷ
984 941 1145 1024 γεγονώς,

121 1050 258 1131 Νοομᾶς
284 1047 446 1131 τοῦνομα,
473 1044 661 1131 πέμψαντες
683 1042 788 1122 εὐθὺς
811 1046 859 1122 είς
880 1044 943 1127 τὴν
966 1050 1145 1129 Αἴγυπτον

121 1153 156 1216 οί
176 1162 244 1217 τῶν
266 1155 375 1237 όχλων
392 1154 551 1239 ἄρχοντες
570 1151 712 1219 ἐκάλουν
729 1153 789 1218 τὸν
804 1148 1027 1238 Ἱεροβόαμον.
1069 1153 1144 1238 ἀφι-

118 1256 263 1344 κομένου
286 1256 324 1326 δὲ
346 1261 430 1347 πρὸς
452 1260 575 1337 αὐτοὺς
597 1262 645 1338 είς
664 1262 790 1344 Σίκιμα
811 1261 911 1324 πόλιν
932 1255 991 1323 καὶ
1010 1256 1143 1345 Ῥοβόα·
1156 1282 1177 1322 ιο

119 1389 180 1450 μος
204 1368 251 1444 είς
274 1366 379 1451 αὐτην
401 1370 631 1453 παραγίνεται·
656 1363 809 1431 έδέδοκτο
827 1365 892 1449 γὰρ
909 1363 1015 1430 αὐτὸν
1036 1364 1143 1433 ἐκεῖσε

119 1479 323 1539 συνελθοῦσι
341 1485 412 1551 τοῖς
428 1471 645 1560 Ἰσραηλίταις
662 1470 833 1550 ἀποδεῖξαι
853 1469 1002 1555 βασιλέα.
1030 1475 1143 1556 (213)

118 1582 362 1662 προσελθόντες
390 1574 452 1645 οὖν
480 1578 569 1645 οἵτ’
594 1581 752 1666 ἄρχοντες
779 1577 868 1665 αὐτῷ
890 1585 951 1643 τοῦ
976 1584 1064 1645 λαοῦ
1088 1578 1141 1646 καὶ

115 1680 322 1769 Ἱεροβόαμος
349 1686 559 1771 παρεκάλουν
587 1684 740 1769 λέγοντες
766 1684 900 1750 ἀνεῖναί
922 1707 953 1749 τι
977 1693 1038 1770 τῆς
1063 1688 1142 1752 δου-

119 1794 209 1869 λείας
241 1792 354 1870 αὐτοῖς
385 1791 440 1858 καί
471 1791 631 1877 γενέσθαι
651 1775 655 1781 ’
661 1794 883 1879 χρηστότερον
909 1799 969 1856 τοῦ
998 1797 1140 1880 πατρός·
1153 1814 1175 1856 ιι

120 1900 228 1984 βαρὺν
247 1900 310 1987 ηδιρ
328 1897 384 1965 ὑπ’
402 1898 516 1989 ἐκείνω
537 1901 636 1982 ζυγὸν
655 1898 778 1975 αὐτοὺς
794 1898 1001 1980 ὑπενεγκεῖν,
1021 1898 1141 1966 εὐνού-

119 2020 229 2091 στεροι
253 2004 283 2071 δ’
306 2008 442 2072 ἔσεσθαι
464 2008 547 2091 πρὸς
571 2005 673 2071 αὐτὸν
696 2002 751 2069 καὶ
774 2003 957 2087 ἀγαπήσειν
977 2005 1041 2088 την
1061 2008 1140 2073 δου-

118 2115 212 2176 λείαν
235 2113 291 2176 διὰ
308 2112 370 2195 την
389 2110 567 2178 ἐπιείκειαν
585 2111 605 2195 ἣ
625 2113 680 2176 διδι
698 2113 758 2176 τὸν
776 2113 894 2196 φόβον.
930 2111 1043 2196 <214>
1063 2112 1083 2178 ὃ
1104 2111 1140 2178 δέ

117 2216 198 2299 μετὰ
216 2227 304 2299 τρεῖς
321 2214 444 2300 ἡμέρας
463 2218 566 2281 είπὼν
585 2216 698 2293 αὐτοῖς
717 2217 973 2303 ἀποκρινεῖσθαι
991 2216 1069 2303 περὶ
1090 2213 1138 2284 ὧν

118 2318 282 2404 ἀξιοῦσιν,
309 2320 457 2397 ὕποπτος
483 2317 545 2405 μὲν
573 2320 677 2397 εὐθὺς
700 2324 842 2407 γίνεται,
869 2323 913 2408 μὴ
936 2333 1139 2409 παραχρῆμα
1152 2346 1174 2388 ιο

119 2422 293 2503 ἐπινεῦσας
311 2426 424 2503 αὐτοῖς
439 2428 479 2492 τὰ
493 2427 576 2512 πρὸς
588 2426 728 2511 ἡδονήν·
747 2432 927 2517 πρόχειρον
941 2431 1004 2517 γὰρ
1019 2430 1138 2514 ἠξίουν

118 2526 203 2596 εἶναι
227 2534 264 2598 τὸ
287 2534 431 2621 χρηστὸν
453 2532 508 2600 καὶ
532 2533 787 2622 φιλάνθρωπον,
809 2532 865 2600 καὶ
886 2534 978 2601 ταῦτ’
1001 2535 1039 2601 έν
1057 2535 1137 2626 νέῳ·

118 2636 225 2705 ἐδόκει
249 2639 280 2705 δ’
302 2643 391 2729 ὅμως
410 2641 521 2710 καὶτὸ
540 2643 789 2729 βουλεύσασθαι
807 2650 867 2707 τοῦ
885 2642 929 2726 μὴ
948 2647 1137 2729 παραυτίκα

118 2744 272 2814 ἀπειπεῖν
295 2750 426 2836 ἀγαθῆς
449 2749 583 2828 ἐλπίδος
606 2753 750 2835 ἔχεσθαι.

82 2861 98 2910 2
185 2854 295 2939 <215>
318 2855 521 2940 συγκαλέσας
544 2852 582 2922 δέ
600 2860 678 2934 τοὺς
695 2853 869 2944 πατρῴους
887 2857 1019 2939 φίλους,
1042 2855 1136 2922 ε’σκο-
1149 2873 1173 2916 ιε

117 2971 210 3025 πεῖτο
237 2960 306 3046 μετ’
337 2963 447 3027 αὐτῶν
474 2962 625 3045 ποταπὴν
655 2962 709 3027 δεῖ
733 2963 937 3044 ποιήσασθαι
964 2963 1027 3045 τὴν
1054 2963 1135 3029 ἀπό-

116 3083 229 3150 κρισιν
251 3069 334 3152 πρὸς
356 3069 393 3132 τὸ
414 3072 553 3150 πλῆθος.
590 3069 626 3132 οἳ
642 3065 686 3150 δ’,
709 3069 792 3154 ἅπερ
812 3070 899 3146 είκὸς
917 3071 995 3146 τοὺς
1014 3071 1135 3147 εὔνους

117 3170 172 3237 καί
196 3175 301 3257 φύσιν
323 3175 430 3257 όχλων
454 3174 593 3255 είδότας,
615 3171 788 3258 παρῄνουν
811 3174 899 3263 αὐτῷ
917 3178 1136 3264 φιλοφρόνως

117 3276 271 3361 ὁμιλῆσαι
295 3289 340 3368 τῷ
363 3285 432 3369 λαρλ
454 3277 509 3345 καὶ
533 3279 796 3366 δημοτικώτερον
819 3279 839 3364 ἦ
862 3284 945 3347 κατὰ
963 3286 1134 3366 βασιλείας

117 3382 230 3462 όγκον·
250 3386 470 3469 χειρώσεσθαι
488 3386 551 3472 γὰρ
570 3384 676 3461 οὕτως
690 3386 737 3461 είς
750 3385 886 3450 εὔνοιαν
900 3387 1013 3471 αὐτόν,
1033 3390 1133 3473 φύσει
1147 3407 1173 3447 ⁸⁰

188 3508 268 3568 §211
290 3531 323 3552 =
344 3509 442 3576 ειυς.
462 3504 706 3573 xl4332Para1.
726 3505 822 3562 1x31.

375 3773 448 3785 A
