2400 3840
547 128 694 180 AEKATH
1062 127 1126 192 351

107 285 286 372 ηγάπησαν
315 285 433 372 αὐτόν,
464 285 520 353 καί
547 288 719 373 Βαάλιμον
746 289 805 353 τὸν
831 299 899 353 τῶν
924 284 1130 373 Ἀμμανιτῶν

109 391 250 480 βασιλέα
273 396 389 477 ἔλεγον
411 391 536 479 πέμψαι
557 391 731 479 Ἰσμαῆλον
758 394 1004 460 ἀποκτενοῦντα
1027 394 1129 460 αὐτὸν

110 501 200 589 δόλφ
223 497 279 563 καὶ
301 502 462 586 κρυφίως,
486 501 575 578 ὅπως
597 500 697 579 αὐτὸς
719 503 804 588 άρχη
822 511 890 567 τῶν
905 497 1128 587 Ἰσραηλιτῶν·

110 601 198 672 εἶναι
221 607 286 691 γὰρ
309 606 413 672 αὐτὸν
436 605 471 671 έκ
494 616 555 673 τοῦ
577 608 697 691 γένους
719 616 780 673 τοῦ
801 611 983 692 βασιλικοῦ.
1019 606 1128 688 <165>

80 713 279 799 ιρύσεσθαί
299 735 337 795 γε
359 713 426 798 μὴν
449 715 564 797 έλεγον
587 715 691 781 αὐτὸν
712 722 771 798 τῆς
794 712 983 796 ἐπιβουλῆς,
1006 711 1049 778 άν
1072 711 1130 776 αὐ-

108 826 182 895 τοῖς
212 817 276 904 ἐφῇ
305 831 432 885 κτεῖναι
459 822 519 885 τὸν
543 817 732 905 Ἰσμαῆλον,
762 820 807 897 ὡς
836 820 975 896 οὐδενὸς
1004 835 1129 901 γνωσο-

109 923 228 1009 μένου·
253 923 399 992 δεδιέναι
422 928 484 1013 γὰρ
509 928 655 1010 ἔφασκον
678 927 722 1012 μὴ
745 924 928 1011 φονευθεὶς
949 924 1050 1002 αὐτὸς
1070 921 1126 990 ὑπ’

110 1030 242 1096 ἐκείνου
260 1031 423 1114 παντελὴς
438 1031 584 1098 ἀπώλεια
602 1030 737 1115 γένηται
755 1044 823 1098 τῶν
841 1028 1130 1117 ὑπολελειμμένων

109 1145 170 1221 τῆς
192 1147 259 1202 τῶν
273 1135 486 1224 Ἰσραηλιτῶν
509 1138 631 1222 ἰσχύος.
676 1139 784 1223 (166)
808 1138 826 1204 ὃ
850 1136 881 1204 δ’
903 1138 1054 1205 ἀπιστεῖν
1072 1136 1130 1201 αὐ-

69 1263 96 1303 ιο
109 1254 182 1320 τοῖς
209 1243 372 1327 ὡμολόγει
398 1241 469 1310 κατ’
499 1243 623 1332 ἀνδρὸς
649 1238 687 1310 εὖ
713 1247 923 1322 πεπονθότος
949 1244 1131 1330 ἐπιβουλὴν

110 1351 270 1432 τοιαύτην
293 1348 528 1434 ἐμφανίσασιν·
552 1350 594 1416 οὐ
616 1352 680 1437 γὰρ
704 1353 792 1429 είκὸς
814 1346 912 1435 εἶναι,
934 1352 1022 1435 παρὰ
1041 1355 1131 1432 τηλι-

109 1456 239 1538 καύτην
261 1454 401 1541 ἐρημίαν
424 1450 472 1522 ὧν
495 1458 607 1544 έχρηζε
628 1458 673 1541 μὴ
697 1458 936 1544 διαμαρτόντα,
961 1455 1047 1522 οὕτω
1071 1476 1130 1520 πο-

109 1565 218 1649 νηρὸν
245 1564 293 1640 είς
319 1564 378 1628 τὸν
406 1563 665 1649 εὐεργετήσαντα
696 1562 752 1629 καὶ
779 1563 917 1630 ἀνόσιον
949 1561 1131 1649 εὑρεθῆναι

110 1666 211 1754 ὥσθ’,
229 1668 270 1735 ὃν
287 1663 330 1752 ἦν
348 1669 492 1755 ἀδίκημα
509 1671 547 1735 τὸ
565 1670 610 1754 μὴ
628 1667 685 1736 ὑπ’
702 1671 813 1736 ἀλλων
831 1657 1131 1753 ἐπιβουλευόμενον

70 1794 96 1834 1⁵
111 1787 219 1842 σῶσαι
242 1776 454 1860 σπουδάζειν,
483 1776 586 1842 αὐτὸν
613 1774 790 1862 αὐτόχειρα
817 1778 925 1858 ζητεῖν
952 1775 1056 1838 αὐτοῦ
1078 1795 1131 1856 γε-

88 1879 243 1968 νέσθαι.
288 1883 407 1967 <167>
436 1881 477 1948 οὐ
499 1882 566 1967 μὴν
592 1879 665 1948 ἀλλ’
692 1884 723 1947 εί
744 1877 835 1946 ταῦτ’
861 1879 984 1974 ἀληθῆΥ
1001 1879 1055 1944 δεῖ
1075 1878 1131 1941 δο-

107 1999 199 2073 κεῖν,
232 1989 369 2073 ἀμεινον
397 1990 541 2072 ἔφασκεν
568 1987 755 2054 ἀποθανεῖν
782 1986 885 2051 αὐτὸν
914 1981 971 2050 ὑπ’
1002 1983 1131 2049 ἐκείνου

110 2099 239 2180 μᾶλλον
262 2093 283 2177 ἢ
305 2097 542 2179 καταφυγόντα
564 2097 647 2182 πρὸς
669 2095 773 2160 αὐτὸν
795 2094 978 2179 ἄνθρωπον
1000 2087 1055 2155 καὶ
1078 2110 1131 2154 πι-

110 2201 295 2266 στεύσαντα
321 2201 384 2284 την
412 2202 503 2267 ίδίαν
533 2204 700 2288 σωτηρίαν
728 2198 785 2266 καὶ
813 2194 1131 2286 παρακαταθέμενον

68 2325 97 2366 20
113 2306 203 2396 αὐτῷ
228 2307 435 2394 διαφθεῖραι.
563 2360 566 2367 .

177 2412 298 2496 <168>
324 2411 378 2478 καὶ
408 2413 427 2480 ό
454 2410 516 2499 μὲν
536 2411 691 2504 Ἰωάννης
716 2412 772 2480 καὶ
800 2414 836 2479 οί
860 2415 924 2480 σὺν
951 2410 1040 2500 αὐτῷ
1062 2420 1168 2475 τῶνε

107 2518 284 2602 ἡγεμόνων
311 2519 355 2604 μη
384 2517 587 2612 δυνηθέντες
614 2531 725 2584 πεῖσαι
752 2522 813 2586 τὸν
837 2519 1003 2584 Γοδολίαν
1028 2516 1131 2599 ἀπῆλ-

107 2630 192 2708 θον,
222 2625 347 2711 χρόνου
376 2620 413 2689 δέ
441 2624 636 2700 διελθόντος
661 2623 795 2709 ἡμερῶν
822 2623 1000 2709 τριάκοντα
1026 2642 1131 2704 παρα-

108 2733 238 2814 γίνεται
260 2730 344 2816 πρὸς
367 2731 533 2796 Γοδολίαν
557 2732 605 2807 είς
622 2729 824 2812 Μασφαθδιν
846 2730 945 2793 πόλιν
961 2723 1132 2809 Ἰσμαῆλος

67 2854 94 2894 2⁵
108 2833 178 2919 μετ’
213 2835 348 2921 ἀνδρῶν
378 2835 473 2920 δέκα,
504 2836 563 2914 οὓς
592 2841 726 2923 λαμπρᾷ
754 2832 896 2921 τραπέζη
924 2829 980 2896 καὶ
1011 2830 1132 2909 ξενίοις

106 2939 354 3026 ὑποδεξάμενος
371 2941 419 3020 είς
437 2941 546 3027 μέθην
559 2944 724 3029 προήχθη,
743 2939 1058 3026 φιλοφρονούμενος
1071 2939 1133 3002 τὸν

105 3051 282 3132 Ἰσμαῖηλον
304 3045 360 3113 καὶ
382 3051 461 3126 τοὺς
483 3051 547 3114 σὺν
572 3049 670 3137 αὐτῷ.
716 3049 832 3132 <169>
861 3044 1069 3129 θεασάμενος
1098 3040 1128 3106 δ’

108 3152 214 3229 οὕτως
241 3153 345 3218 αὐτὸν
366 3150 492 3240 Ῐέχοντα
517 3152 573 3220 καί
600 3151 864 3240 βεβαπτισμένον
893 3153 940 3227 είς
968 3149 1131 3232 ἀναισθη-

110 3261 188 3324 σίαν
210 3255 266 3322 καὶ
289 3257 399 3324 ὕπνον
421 3259 485 3325 ὑπὸ
508 3269 568 3344 τῆς
590 3259 706 3345 μέθης,
730 3260 748 3325 ό
769 3256 940 3342 Ἰσμαῆλος
963 3256 1130 3339 ἀναπηδή-

65 3383 94 3423 ⁸0
109 3382 169 3442 σας
199 3364 280 3449 μετὰ
307 3375 375 3430 τῶν
403 3362 481 3429 δέκα
509 3369 619 3449 φίλων
646 3362 847 3447 ἀποσφάττει
878 3363 938 3429 τὸν
966 3363 1133 3428 Γοδολίαν

180 3491 265 3552 §164
284 3484 596 3540 =1erem.XLv1114.
636 3502 644 3536 τ
