2400 3840
542 111 642 160 EKTH
1062 112 1106 175 ης

84 269 213 356 ὁδηγῷ,
243 266 299 333 καί
331 271 527 354 καταλαβὼν
555 268 678 347 αὐτοὺς
705 269 758 335 ἐπὶ
786 280 847 355 γής
877 271 1107 358 ἐρριμμένους,

82 373 242 451 καὶτοὺς
264 372 326 460 μὲν
348 376 563 461 ἀριστῶντας,
591 380 669 454 τοὺς
693 374 730 441 δέ
752 376 807 442 καὶ
831 381 1018 463 μεθύοντας
1039 381 1103 462 ήδη

83 478 140 572 καὶ
162 479 366 566 λελυμένους
388 482 453 547 ὑπὸ
480 491 541 547 τοῦ
570 488 665 548 οίνου
691 480 747 547 καὶ
774 494 843 549 τῶν
866 486 1026 569 λαφύρων
1048 483 1105 549 καλ

84 597 143 671 τῆς
175 591 267 664 λείας
303 586 549 670 ἀπολαύοντας,
587 586 752 653 έπιπεσων
786 591 965 672 αἰφνιδίως
996 594 1105 656 πολὺν

56 693 198 758 εαύτῶν
220 696 330 777 φόνον
353 694 541 778 εἰργάσατο·
569 692 691 778 γυμνοὶ
719 695 782 780 γὰρ
805 698 900 772 όντες
921 694 976 760 καὶ
999 694 1106 781 μηδὲν

83 801 336 885 προσδοκῶντες
349 807 514 883 τοιοῦτον,
533 799 616 864 ἀλλά
630 801 713 884 πρὸς
726 801 764 864 τὸ
777 804 890 866 πίνειν
902 800 958 866 καὶ
973 804 1104 887 εὐωχεῖ-

85 912 169 970 σθαι
190 904 419 992 τετραμμένοι,
442 905 563 982 πάντες
580 900 666 989 ήσαν
686 905 947 991 εὐκατέργαστοι.
992 910 1103 991 <363>

84 1009 140 1076 καί
173 1015 209 1076 οἳ
237 1008 300 1097 μέν
331 1012 443 1078 αὐτῶν
476 1014 524 1077 ἔτι
555 1024 624 1077 τῶν
654 1016 823 1097 τραπεζῶν
854 1013 1107 1102 παρακειμένων

85 1117 470 1203 ἐπικαταλαμβανόμενοι
488 1116 566 1202 παρ’
593 1118 709 1194 αὐταῖς
727 1117 924 1205 ἀνῃροῦντο,
948 1119 1003 1184 καλ
1022 1143 1105 1206 παρ-

44 1247 70 1286 10
86 1222 207 1309 έσυρεν
229 1225 340 1290 αὐτῶν
362 1227 402 1289 τά
425 1229 513 1291 σιτία
535 1224 591 1290 καὶ
614 1227 676 1310 τήν
697 1227 827 1311 τροφήν
849 1228 887 1292 τὸ
909 1218 1003 1310 αἷμα,
1026 1232 1105 1304 τοὺς

85 1327 124 1396 δέ
147 1328 381 1416 δεξιουμένους
408 1331 573 1414 ἀλλήλους
599 1345 672 1409 ταῖς
694 1336 874 1417 προπόσεσι
898 1331 1105 1418 διέφθειρεν,

83 1437 197 1514 ένίους
225 1434 263 1502 δέ
288 1436 344 1503 καί
374 1440 458 1524 πρὸς
484 1438 593 1504 ὕπνον
620 1440 685 1504 ὑπὸ
713 1448 774 1503 τοῦ
801 1439 946 1525 ἀκράτου
968 1462 1104 1523 κατενη-

81 1542 274 1628 νεγμένους.
321 1545 438 1611 ὁπόσοι
457 1542 488 1608 δ’
511 1546 666 1628 ἔφθασαν
689 1544 903 1632 περιθέμενοι
921 1546 979 1622 τὰς
1001 1568 1103 1610 πανο-

81 1653 182 1727 πλίας
206 1649 238 1729 ἐξ
257 1649 417 1728 έναντίας
440 1651 529 1739 αὐτῷ
552 1661 685 1736 στήναι,
712 1654 852 1732 τούτους
879 1648 980 1716 οὐδὲν
1002 1646 1105 1734 ήττον

44 1776 68 1815 15
82 1757 227 1841 εὐχερῶς
249 1768 318 1822 τῶν
336 1767 475 1842 γυμνῶν
491 1757 736 1841 κατακειμένων
754 1756 950 1841 ἀπέσφαττε.
991 1756 1101 1838 <364>

82 1862 256 1947 διέμειναν
279 1861 310 1927 δ’
335 1864 371 1928 οί
392 1865 456 1927 σὺν
478 1873 523 1951 τῷ
542 1865 676 1947 Λανίδη
694 1861 750 1928 καὶ
773 1859 868 1927 αὐτοὶ
887 1862 1104 1946 ἀναιροῦντες

82 1969 148 2034 ἀπὸ
171 1970 304 2054 πρώτης
327 1970 414 2053 ὥρας
437 1969 499 2046 ἕως
522 1968 675 2055 ἑσπέρας,
703 1970 748 2046 ὡς
775 1970 818 2053 μή
841 1974 1101 2054 περιλειφθῆναι

81 2086 151 2140 τῶν
176 2073 399 2160 Ἀμαληκιτῶν
426 2079 583 2152 πλείονας
609 2075 629 2158 ή
657 2079 902 2161 τετρακοσίους·
930 2069 1102 2140 καὶοῦτοι

82 2177 121 2246 δέ
154 2181 296 2266 δρομάσι
327 2183 487 2266 καμήλοις
519 2181 692 2267 έπιβάντες
729 2181 901 2265 διέφυγον.
956 2180 1102 2246 ἀνέσωσε

43 2307 69 2346 2⁰
82 2285 121 2354 δέ
144 2283 248 2353 τάλλα
270 2288 378 2354 πάντα
401 2289 422 2354 δ
445 2290 634 2375 διήρπασαν
663 2289 774 2354 αὐτῶν
798 2290 832 2353 οἱ
852 2287 1019 2373 πολέμιοι,
1046 2285 1101 2352 καὶ

81 2396 142 2472 τάς
169 2392 199 2459 τ’
225 2396 329 2461 αὐτοῦ
356 2408 518 2478 γυναῖκας
544 2393 599 2460 καὶ
629 2396 688 2472 τὰς
710 2406 777 2461 τῶν
800 2394 949 2480 ἑταίρων.
995 2395 1103 2474 <365>

81 2503 128 2579 ὡς
152 2499 184 2565 δ’
210 2499 476 2587 ἀναστρέφοντες
497 2496 580 2584 ήκον
604 2499 656 2565 ἐπὶ
681 2502 742 2565 τὸν
760 2504 864 2565 τόπον
883 2503 968 2565 ἔνθα
991 2501 1102 2563 διακο-

81 2611 179 2684 σίους
207 2607 250 2691 μή
279 2605 488 2691 δυναμένους
514 2607 628 2683 αὐτοῖς
656 2605 795 2670 ἕπεσθαι
823 2608 1104 2670 καταλελοίπεσαν

81 2713 137 2780 έπλ
165 2724 235 2777 τῶν
262 2724 406 2795 σκευῶν,
434 2713 469 2776 οί
494 2708 555 2796 μὲν
584 2714 789 2797 τετρακόσιοι
816 2718 875 2792 τῆς
907 2705 968 2791 μέν
1000 2709 1104 2790 ἀλλης

41 2837 66 2877 ²⁵
81 2822 248 2905 ὠφελείας
268 2842 304 2884 τε
326 2818 381 2883 καὶ
405 2822 494 2895 λείας
518 2818 578 2883 οὐκ
601 2816 718 2900 ἠξίουν
741 2817 854 2892 αὐτοῖς
876 2815 1100 2900 ἀπομερίζειν·

80 2928 123 2993 οὐ
149 2927 510 3008 συνακολουθήσαντας
537 2926 600 3009 γάρ
631 2925 714 2990 ἀλλά
737 2919 1002 3008 μαλακισθέντας
1025 2918 1100 3003 περί

79 3034 145 3116 τὴν
179 3029 297 3110 δίωξιν
328 3032 511 3114 ἀγαπήσειν
547 3028 821 3113 ἀνασεσωσμένας
852 3029 910 3105 τάς
941 3037 1103 3108 γυναῖκας
1138 3104 1143 3115 Ι

78 3138 383 3224 ἀπολαμβάνοντας
410 3141 540 3220 ἔλεγον,
569 3138 678 3220 <366>
705 3138 858 3218 Δαυίδης
885 3131 922 3198 δέ
950 3133 1102 3216 πονηρδιν

77 3245 136 3312 καλ
161 3246 282 3310 ἀδικον
304 3243 416 3308 αὐτῶν
434 3245 558 3325 ταύτην
581 3241 730 3325 ἀπέφηνε
752 3242 814 3325 τήν
836 3241 985 3323 γνώμην·
1016 3233 1102 3303 εἶναι

37 3370 64 3410 ³⁰
78 3354 145 3438 γάρ
170 3348 296 3433 ἀξίους,
319 3358 379 3415 τοῦ
402 3357 486 3415 θεοῦ
513 3350 742 3433 παρασχόντος
769 3347 882 3423 αὐτοῖς
908 3346 1102 3430 ἀμύνασθαι

154 3471 566 3540 §362=1Reg.XXX16.
