2400 3840
525 110 624 161 ειωιι
1064 110 1082 173 7

64 269 159 351 θύει,
188 266 244 332 καὶ
272 274 457 353 παρακαλεῖ
482 253 541 334 τὸν
568 271 652 335 θεὸν
683 270 858 356 ὑπερέχειν
885 273 995 339 αὐτῶν
1022 274 1083 358 τήν

64 375 177 453 δεξιάν
202 372 238 439 έν
256 383 295 459 τῇ
314 375 398 461 πρὸς
416 380 662 453 Παλαιστινοὺς
680 377 766 463 μάχη
784 377 840 443 καὶ
858 380 903 462 μή
921 381 1084 465 περιιδεῖν

63 482 223 568 δεύτερον
253 480 375 556 αὐτοὺς
402 482 679 566 δυστυχήσαντας.
726 482 865 566 ἐπήκοος
892 480 930 548 δὲ
957 488 1083 567 γίνεται

62 599 131 654 τῶν
162 588 269 672 εὐχῶν
301 587 319 652 ὁ
354 590 449 670 θεός,
480 587 536 653 καὶ
568 588 831 675 προσδεξάμενος
863 591 995 675 εὐμενεῖ
1029 590 1083 656 καὶ

32 695 226 782 τσυμμάχφ
249 701 288 778 τῇ
313 694 445 780 διανοίᾳ
473 695 534 775 τήν
560 698 701 779 θυσίαν,
729 694 873 762 ἐπινεύει
900 701 999 779 νίκην
1026 699 1084 762 αύ-

62 812 136 877 τοῖς
167 799 222 865 καὶ
252 800 380 886 κράτος.
435 801 523 883 <26>
557 803 604 866 ἔτι
637 800 668 866 δ’
699 801 752 868 ἐπὶ
784 812 844 868 τοῦ
878 807 993 888 βωμοῦ
1022 805 1084 886 τήν

62 911 192 972 θυσίαν
223 909 356 991 ἔχοντος
386 915 447 971 τοῦ
474 912 559 971 θεοῦ
586 905 641 972 καὶ
671 909 767 992 μήπω
800 918 909 975 πᾶσαν
938 911 994 974 διά
1025 920 1084 992 της

63 1015 157 1097 ίερᾰς
184 1014 309 1097 φλογὸς
336 1013 571 1096 ἀπειληφότος,
599 1019 770 1097 προῆλθεν
799 1013 833 1079 ἐκ
860 1024 920 1081 τοῦ
948 1033 1084 1103 στρατο-

61 1120 171 1186 πέδου
192 1119 213 1203 ἡ
236 1130 304 1185 τῶν
326 1123 494 1203 πολεμίων
512 1117 726 1204 δύναμιςκαὶ
744 1121 980 1205 παρατάττεται
1001 1125 1084 1208 πρὸς

17 1248 46 1288 ιο
61 1227 186 1312 μάχην,
224 1224 274 1292 ἐπ’
310 1225 419 1291 ἐλπίδι
455 1221 517 1310 μὲν
549 1228 643 1307 νίκης
680 1226 725 1302 ὡς
761 1226 1014 1312 ἀπειλημμένων
1047 1228 1083 1293 ἐν

64 1333 187 1420 ἀπορίᾳ
214 1344 282 1398 τῶν
307 1329 494 1413 Ἰουδαίων,
527 1329 608 1416 μήθ’
639 1332 724 1397 όπλα
755 1331 899 1416 ἐχόντων
926 1332 1008 1417 μήθ’
1038 1335 1083 1411 ὡς

61 1437 117 1506 ἐπὶ
145 1440 254 1524 μάχην
287 1437 384 1504 έκεῖσ’
414 1437 659 1522 ἀπηντηκότων.
709 1442 943 1524 περιπίπτουσι
975 1437 1006 1504 δ’
1033 1431 1084 1517 οἷς

60 1544 137 1612 οὐδ’
164 1548 195 1611 εἰ
217 1543 383 1632 προύλεγέ
403 1568 454 1622 τις
479 1544 603 1630 ῥαδίως
626 1543 839 1627 ἐπείσθησαν.
884 1545 971 1628 <27>
995 1557 1084 1632 πρῶ·
1123 1619 1126 1623 ,

59 1678 121 1720 τον
145 1649 208 1738 μέν
235 1653 303 1738 γάρ
328 1651 449 1727 αὐτοὺς
479 1650 497 1716 ὁ
524 1652 605 1728 θεὸς
632 1655 747 1716 κλονεῖ
775 1660 907 1738 σεισμῷ,
937 1650 992 1715 καὶ
1022 1652 1084 1734 τήν

20 1780 45 1820 15
59 1770 127 1844 γῆν
151 1759 266 1835 αὐτοῖς
288 1758 479 1842 ὑπότρομον
504 1754 559 1820 καὶ
584 1757 755 1840 σφαλεράν
777 1757 914 1838 κινήσας
937 1760 1083 1840 τίθησιν,

60 1868 106 1944 ὡς
131 1862 355 1948 σαλευομένης
372 1886 408 1928 τε
425 1863 484 1939 τὰς
502 1862 615 1946 βάσεις
633 1860 865 1948 ὑποφέρεσθαι
883 1860 938 1927 καὶ
959 1863 1083 1927 διιστα-

59 1972 164 2058 μένης
192 1974 240 2049 είς
268 1974 341 2037 ἔνια
372 1981 440 2036 τῶν
470 1968 647 2054 χασμάτων
678 1966 939 2053 καταφέρεσθαι·
972 1971 1083 2034 ἔπειτα

60 2083 220 2165 βρονταῖς
251 2077 489 2161 καταψοφήσας
524 2072 580 2138 καὶ
618 2074 794 2160 διαπύροις
825 2073 1007 2160 ἀστραπαῖς
1039 2077 1083 2154 ὡς

59 2182 278 2268 καταφλέξων
302 2183 413 2247 αὐτῶν
430 2183 489 2257 τάς
506 2183 600 2258 όήιεις
618 2181 835 2267 περιλάμψας,
858 2166 913 2246 καδ
933 2193 1000 2248 τῶν
1017 2208 1083 2268 χει-

23 2311 48 2350 ιο
61 2301 133 2376 ρῶν
158 2289 339 2375 ἐκκρούσας
365 2289 405 2355 τά
429 2288 528 2370 ὅπλα,
552 2290 700 2370 γυμνοὺς
724 2289 771 2364 είς
794 2289 907 2371 φυγήν
930 2286 1082 2376 ἀνέστρε-

59 2408 135 2476 ψεν.
182 2396 269 2478 <28>
294 2392 497 2480 ἐπεξέρχεται
526 2389 563 2458 δέ
585 2395 785 2478 Σαμούηλος
811 2395 892 2478 μετὰ
921 2403 979 2478 τῆς
1001 2402 1082 2479 πλη-

61 2504 166 2585 θύος,
200 2499 256 2566 καὺ
292 2503 437 2576 πολλοὺς
472 2498 683 2584 κατασφάξας
713 2505 957 2565 κατακολουθεῖ
987 2500 1082 2585 μέχρι

61 2612 258 2694 Κορραίων,
285 2610 390 2672 τόπου
418 2608 509 2683 τινὸς
543 2606 629 2670 οὑτω
660 2602 850 2688 λεγομένου.
900 2604 956 2668 καὶ
985 2629 1082 2671 κατα-

61 2714 168 2797 πήξας
191 2713 260 2778 έκεῖ
276 2717 377 2779 λίθον
396 2713 505 2799 ὥσπερ
524 2713 605 2797 ὅρον
623 2719 681 2794 της
699 2713 793 2791 νίκης
814 2707 869 2773 καὶ
892 2720 950 2793 της
973 2721 1083 2796 φυγής

25 2839 50 2880 ει
63 2832 131 2885 τῶν
154 2823 333 2903 πολεμίων,
358 2821 495 2905 ἰσχυρὸν
519 2818 621 2883 αὑτὸν
640 2817 889 2902 προσαγορεύει,
914 2818 1083 2903 σύμβολον

62 2938 122 3011 τῆς
144 2928 235 3014 παρά
253 2936 314 2991 τοῦ
331 2933 416 2991 θεοῦ
435 2923 614 3008 γενομένης
632 2924 746 3002 αὐτοῖς
762 2925 844 2990 κατὰ
863 2936 930 2991 τῶν
952 2925 1083 3011 ἐχθρῶν

64 3035 187 3119 ἰσχύος.

132 3139 221 3223 <29>
245 3141 281 3202 οἳ
297 3134 334 3203 δέ
357 3134 426 3223 μετ’
451 3136 581 3219 ἐκείνην
604 3137 665 3220 τήν
687 3138 818 3220 πληγήν
840 3135 947 3202 οὐκέτ’
970 3136 1083 3224 έστρά-
1102 3157 1117 3204 3

63 3229 187 3311 τευσαν
211 3242 264 3309 ἐπὶ
283 3247 362 3320 τοὺς
382 3241 594 3328 Ἰσραηλίτας,
617 3240 689 3308 ἀλλ’
715 3243 779 3307 ὑπὸ
804 3241 901 3319 δέους
923 3241 979 3308 καὶ
1003 3247 1084 3330 μνή-

24 3369 50 3410 ιο
64 3375 128 3436 μῦς
163 3361 233 3416 τῶν
272 3352 528 3434 συμβεβηκότων
560 3349 732 3433 ἡσύχαζον.
787 3347 805 3412 ὃ
838 3345 869 3411 δ’
903 3343 946 3432 ἦν
982 3351 1084 3416 πάλαι

138 3469 491 3539 §25-1Reg.vss9,
