2400 3840
89 159 154 225 150
457 159 731 212 APxnvorlAz

87 318 118 387 δ’
145 324 258 407 ὄνομα.
303 317 358 386 καὶ
382 316 480 398 οὗτος
503 317 540 385 έν
561 331 632 397 τοϊς
654 322 737 405 πρὸς
756 323 1011 397 Παλαιστινοὺς
1029 321 1110 404 ἀγόν·

88 445 158 511 σιν,
188 429 236 506 εἰς
263 430 367 493 τόπον
394 429 545 511 Σιαγόνα
574 428 755 510 λεγόμενον
783 425 898 492 αὐτῶν
925 427 1110 512 παραταξα-

87 534 209 620 μένων,
232 535 277 612 ὡς
299 534 335 599 οί
351 530 498 618 Ἑβραῖοι
522 533 624 599 πάλιν
646 533 708 616 τήν
731 532 877 618 δύναμιν
900 533 1110 618 φοβηθέντες

88 641 148 726 οὐχ
172 636 363 725 ὑπέμειναν,
385 637 510 723 ὑπέστη
533 642 635 724 μόνος
658 640 703 717 ὡς
726 639 914 725 στράτευμα
934 635 992 705 καὶ
1013 640 1109 725 τάξις,

87 746 142 813 καί
170 751 249 824 τοὺς
276 743 338 831 μὲν
365 746 476 811 αὐτῶν
498 743 693 830 κατέβαλεν,
718 747 797 822 τοὺς
824 742 856 809 δ’
882 743 926 811 οὐ
951 750 1132 834 καρτερή-ί

88 871 210 932 σαντας
233 854 337 918 αὐτοῦ
358 853 420 936 τήν
444 853 540 937 ίσχὺν
562 848 617 917 καὶ
639 851 702 936 τήν
724 855 802 936 βίαν
825 849 897 917 ἀλλ’
923 854 973 931 είς
996 857 1109 938 φυγήν

87 956 359 1045 ἀποστραφέντας
383 957 504 1038 ἐδίωξε.
545 958 655 1043 <311>
674 967 776 1024 ταῦτα
797 954 859 1043 μὲν
882 960 964 1044 ἔργα
986 973 1109 1047 χειρῶν

85 1064 141 1132 καὶ
164 1065 268 1150 μάχης
291 1065 326 1130 οί
347 1077 436 1152 τρεῖς
454 1063 675 1144 ἐπεδείξαντο·
699 1062 778 1131 καθ’
804 1064 844 1131 δν
867 1061 905 1130 δὲ
928 1069 1051 1153 καιρὸν
1075 1067 1108 1133 ἐν

82 1166 324 1256 Ἱεροσολύμοις
346 1174 443 1250 ὄντος
466 1181 525 1237 τοῦ
548 1169 709 1257 βασιλέως
732 1170 878 1256 έπῆλθεν
900 1171 920 1255 ῆ
946 1183 1017 1239 τῶν
1038 1179 1107 1239 Πα-

86 1282 266 1344 λαιστινῶν
294 1280 435 1362 δύναμις
462 1284 659 1364 πολεμῆσαι,
692 1280 844 1361 Δαυίδης
871 1274 932 1363 μέν
962 1277 1017 1345 έπί
1048 1282 1107 1364 τήν
1119 1291 1140 1333 ¹⁰

86 1383 267 1467 ἀκρόπολιν
289 1384 449 1469 ἀνῆλθεν,
472 1384 518 1461 ὡς
540 1387 795 1472 προειρήκαμεν,
817 1387 1024 1470 πευσόμενος
1047 1397 1107 1453 τοῦ

85 1496 170 1554 θεοῦ
197 1489 273 1577 περὶ
300 1501 361 1557 τοῦ
387 1489 548 1576 πολέμου
582 1491 691 1576 <312>
718 1501 777 1575 τῆς
808 1487 846 1556 δὲ
876 1503 945 1557 τῶν
975 1492 1107 1579 ἐχθρῶν

85 1600 295 1681 παρεμβολῆς
313 1597 351 1663 ἐν
369 1607 408 1684 τῆ
426 1598 557 1664 κοιλάδι
576 1595 728 1682 κειμένης
746 1597 767 1680 ή
785 1595 880 1683 μέχρι
899 1598 1106 1684 Βηθλεέμων

85 1704 212 1780 πόλεως
248 1705 420 1790 διατείνει,
457 1706 612 1782 σταδίους
643 1702 882 1791 Ἱεροσολύμων
919 1704 1107 1791 ἀπεχούσης

86 1815 226 1896 είκοσιν,
253 1811 271 1877 ὁ
295 1812 447 1896 Δαυίδης
473 1823 544 1888 τοῖς
571 1808 713 1897 ἑταίροις
740 1810 855 1877 εκαλὸν
881 1810 987 1897 ὕδωρ
1014 1809 1141 1880 εἶπεν15

86 1915 216 2003 ’έχομευ
236 1917 272 1983 ἐν
289 1927 328 2003 τῆ
348 1919 482 2004 πατρίδι
501 1917 577 2002 μου’
596 1915 651 1981 καί
669 1917 865 2002 μάλιστατὸ
885 1915 922 1982 έν
935 1926 981 2006 τῷ
996 1918 1106 2009 λάκκῳ

85 2032 131 2108 τῷ
158 2025 242 2108 πρὸς
268 2032 307 2107 τῆ
334 2026 423 2109 πύλη
449 2023 645 2108 θαυμάζων,
678 2029 712 2088 εί
737 2047 788 2101 τις
818 2021 851 2102 έξ
883 2023 987 2089 αὐτοῦ
1015 2038 1106 2093 πιεῖν

86 2127 174 2212 αὐτῷ
197 2131 356 2211 κομίσειε,
385 2134 512 2211 μᾶλλον
536 2128 708 2213 ἐθελήσειν
731 2127 751 2212 ή
775 2153 790 2194 ε
826 2129 932 2194 πολλδι
954 2133 1106 2215 χρήματα

86 2233 171 2314 δοίη.
217 2232 326 2315 <313>
349 2231 441 2297 ταῦτ’
467 2233 667 2310 ἀκούσαντες
691 2234 725 2298 οί
744 2246 834 2321 τρεῖς
856 2236 976 2320 ἀνδρες
999 2231 1105 2320 οὗτοι,

83 2334 270 2422 παραχρῆμ’
289 2334 506 2422 ἐκδραμόντες
519 2334 574 2402 καὶ
589 2340 645 2402 διδι
659 2337 762 2423 μέσου
776 2349 837 2406 τοῦ
850 2352 917 2406 τῶν
935 2346 1105 2427 πολεμίων
1118 2353 1142 2395 ²⁰

84 2443 287 2528 ὁρμήσαντες
318 2439 543 2530 στρατοπέδου
574 2438 657 2528 ῆκον
685 2445 732 2521 είς
759 2443 929 2531 Βηθλεέμ,
960 2445 1015 2512 καί
1043 2459 1104 2514 τοῦ

82 2549 205 2628 ὕδατος
228 2549 429 2638 ἀρυσάμενοι
448 2550 549 2618 πάλιν
568 2552 623 2617 διά
641 2560 700 2636 τῆς
718 2556 928 2639 παρεμβολῆς
945 2551 1104 2641 ὑπέστρε-

85 2669 154 2736 ψαν
180 2660 264 2746 πρὸς
290 2659 350 2725 τὸν
377 2657 529 2746 βασιλέα,
555 2660 601 2738 ὡς
626 2663 704 2738 τοὺς
731 2662 978 2737 Παλαιστινοὺς
1005 2685 1104 2726 κατα-

84 2765 270 2848 πλαγέντας
293 2767 404 2832 αὐτῶν
427 2768 463 2832 τὸ
487 2767 615 2853 θράσος
637 2764 692 2831 καὶ
714 2767 776 2848 τήν
798 2765 960 2850 εὐψυχίαν
982 2766 1103 2853 ήρεμῆ-

84 2884 156 2952 σαι,
178 2866 233 2934 καί
256 2868 361 2954 μηδὲν
384 2869 434 2937 ἐπ’
461 2873 581 2949 αὐτοὺς
604 2878 763 2955 τολμῆσαι
786 2874 1103 2958 καταφρονήσαντας
1117 2893 1142 2934 ιε

83 2981 142 3055 τῆς
165 2974 364 3057 ὀλιγότητος.
401 2977 511 3058 <314>
530 2975 749 3061 κομισθέντος
767 2974 804 3043 δὲ
822 2987 882 3043 τοῦ
901 2963 1023 3057 ὕδατος
1041 2980 1103 3046 οὐκ

84 3080 176 3144 ἔπιεν
195 3078 213 3146 ὁ
233 3080 398 3164 βασιλεύς,
416 3081 562 3169 κινδάνφ
581 3078 636 3147 καὶ
655 3083 767 3166 αἵματι
786 3085 895 3168 φήσας
911 3083 1103 3171 ἀνθρώπων

84 3186 165 3251 αὐτὸ
197 3187 409 3271 κεκομίσθαι,
441 3182 495 3250 καὶ
528 3187 584 3251 διὰ
611 3197 709 3253 τοῦτο
737 3189 781 3273 μή
813 3190 993 3276 προσήκειν
1020 3192 1101 3257 αὐτὸ

83 3303 185 3357 πιεῖν·
220 3295 347 3358 ἔσπεισε
376 3289 407 3357 δ’
438 3289 493 3358 ἀπ’
524 3293 627 3359 αὐτοῦ
658 3303 704 3382 τῷ
733 3301 817 3383 θεῷ,
848 3294 903 3360 καὶ
936 3294 1011 3383 περὶ
1042 3308 1103 3381 τῆς

84 3401 247 3483 σωτηρίας
268 3409 336 3464 τῶν
360 3397 493 3484 ἀνδρῶν
515 3398 756 3486 ηὐχαρίστησεν
779 3399 875 3489 αὐτῷ.
921 3403 1002 3485 μετά
1025 3405 1101 3468 τού·
1116 3424 1142 3464 ιο

155 3523 240 3587 ςειο
260 3546 293 3566 ·=
312 3526 328 3575 ν
348 3519 417 3589 Reg.
437 3518 584 3574 xxmn.
