2400 3840
494 157 641 210 ΔΕΚΑΤΗ
1008 153 1073 218 323

55 314 198 404 δευτέρᾳ
211 326 279 383 τῶν
293 317 450 403 ίστοριῶν
467 315 571 381 αὐτοῦ
585 312 689 400 φησὶν
707 316 752 392 ῶς
770 309 868 392 οὗτος
886 314 904 380 ὁ
919 317 1074 398 βασιλεὺς

56 421 113 489 ἐπὶ
131 425 190 490 τὸν
208 433 276 489 τῶν
294 424 490 506 Αἰγυπτίων
508 419 655 507 βασιλέα,
674 420 762 507 ίερέα
781 423 861 487 όντα
880 429 940 485 τού
955 418 1074 504 Ἡφαί-

56 548 155 612 στου,
187 531 298 612 έλθοι,
324 534 512 615 πολιορκῶν
539 524 577 593 δὲ
604 529 642 593 τὸ
670 529 863 610 Πηλούσιον
891 529 987 592 έλνσε
1013 527 1075 609 την

56 637 256 721 πολιορκίαν
274 633 307 714 ἐξ
326 635 434 711 αἰτίοις
451 635 615 717 τοιαύτης.
654 632 776 716 ηὔξατο
798 634 816 699 ὁ
834 635 989 718 βασιλεὺς
1007 642 1075 696 τῶν

23 744 256 825 εΑίγυπτίεον
274 748 320 828 τῷ
337 746 418 827 θεῶ,
441 734 467 828 ᾧ
487 742 667 824 γενόμενος
689 738 828 821 ἐπήκοος
851 739 869 804 ὁ
892 740 972 816 θεὸς
994 743 1075 820 πλη-

57 849 124 932 γὴν
138 846 310 928 ἐνσκήπτει
323 855 369 934 τῷ
382 844 502 931 ’Ἁραβι
519 845 607 928 <19>
622 842 800 932 (πλανᾶται
813 845 876 930 γὰρ
892 843 955 909 κάν
968 845 1074 932 τούτῳ

53 954 252 1040 Ἡρόδοτος,
288 950 350 1018 οὐκ
378 949 561 1036 Ἀσσυρίων
597 949 704 1034 λέγων
734 953 794 1017 τὸν
826 948 963 1036 βασιλέα
1000 947 1072 1015 ἀλλ’

54 1059 235 1146 Ἀρύβαν)·
268 1068 363 1142 μυῶν
389 1058 453 1142 γὰρ
479 1059 611 1140 πλῆθός
637 1072 720 1140 φησι
746 1066 806 1144 μιᾷ
832 1055 927 1123 νυκτὶ
954 1054 1008 1122 καί
1036 1057 1076 1121 τὰ

59 1165 139 1243 τόξα
161 1161 217 1230 καὶ
239 1164 280 1229 τὰ
302 1164 401 1229 λοιπὰ
420 1162 505 1228 ὅπλα
523 1163 702 1247 διαφαγεῖν
723 1174 791 1228 τῶν
806 1160 999 1249 Ἀσσυρίων,
1022 1159 1077 1228 καί

12 1291 45 1331 ιο
61 1272 119 1337 διὰ
141 1279 240 1336 τοῦτο
265 1269 309 1353 μὴ
333 1270 450 1353 έχοντα
476 1265 555 1346 τόξα
582 1270 642 1334 τὸν
668 1267 805 1352 βασιλέα
831 1270 893 1352 τὴν
920 1270 1078 1356 στρατιὰν

61 1377 247 1459 ἀπαγαγεῖν
273 1375 337 1440 ἀπὸ
364 1383 424 1440 τού
453 1378 657 1458 Πηλουσίου.
703 1376 798 1458 (20)
825 1372 881 1440 καί
900 1373 1080 1460 Ἡρόδοτος

63 1480 126 1568 μὲν
149 1481 236 1548 οὕτω
259 1492 421 1567 μαρτυρεῖ
441 1480 597 1567 ίστορῶν·
621 1481 705 1547 ἀλλὰ
727 1477 783 1545 καὶ
801 1481 981 1566 Βηρωσσὸς
1004 1478 1081 1544 ὁτδι

64 1588 236 1654 Χαλδαϊκὰ
255 1587 531 1674 συγγραψάμενος
548 1588 749 1672 μνημονεύει
766 1595 826 1652 τοῦ
843 1584 1003 1672 βασιλέως
1020 1593 1081 1650 τοῦ

64 1695 310 1779 Σεναχηρίβου,
327 1691 383 1758 καί
403 1693 453 1758 ότι
472 1704 541 1758 τῶν
551 1690 736 1778 Ἀσσυρίαν
753 1686 834 1777 ἦρχε
850 1690 906 1757 καὶ
925 1693 975 1758 ὅτι
994 1691 1082 1775 πόση

19 1817 49 1859 15
65 1798 344 1884 ἐπεστρατεύσατο
366 1807 406 1883 τη
426 1796 518 1885 Ἀσίηι
539 1794 595 1862 καὶ
618 1806 657 1882 τη
680 1799 849 1885 Αίγύπτφ.

133 1904 229 1988 <21>
252 1903 462 1990 ὑποστρέψας
485 1901 517 1969 δ’
543 1904 561 1969 ὁ
585 1904 815 1988 Σεναχηριβος
842 1901 906 1968 ἀπὸ
934 1910 994 1967 τοῦ
1016 1911 1086 1967 τῶν
1105 1916 1120 1966 σ

63 2011 263 2092 Αἰγυπτίων
283 2009 431 2096 πολέμου
450 2011 498 2088 είς
515 2011 555 2075 τὰ
570 2007 792 2095 Ἱεροσόλυμα,
815 2007 994 2092 κατέλαβεν
1019 2005 1087 2072 ἐκεῖ

63 2116 127 2198 τὴν
154 2116 220 2182 ὑπὸ
247 2125 293 2202 τῷ
323 2124 494 2204 στρατηγῷ
518 2114 659 2200 Ῥαψύκη
689 2115 834 2199 δύναμιν
864 2112 935 2201 (δια
965 2120 1085 2199 λοι-μού

63 2219 359 2309 κινδυνεύονσαν)·
382 2230 443 2288 τοῦ
468 2221 559 2309 (γὰρ)
582 2228 668 2288 θεοῦ
687 2222 841 2307 λοιμικὴν
860 2221 1086 2305 ἐνσκήψαντος

19 2348 50 2390 εο
65 2327 170 2392 αὐτοῦ
193 2337 238 2417 τῶ
261 2338 390 2416 στρατῷ
408 2332 521 2413 νόσον,
544 2330 626 2394 κατὰ
643 2330 705 2413 τὴν
723 2330 858 2416 πρώτην
876 2338 935 2414 τῆς
951 2335 1085 2413 πολιορ-

63 2435 141 2509 κίας
168 2433 271 2498 νύκτα
299 2434 557 2521 διαφθείρονται
586 2436 746 2522 μνριύδες
776 2437 998 2502 ὀκτωκαίδεκα
1030 2429 1085 2499 καί

64 2541 328 2623 πεντακισχίλιοι
351 2544 414 2605 σὺν
437 2540 575 2624 ἡγεμόσι
596 2537 653 2605 καὶ
672 2540 868 2626 ταξιάρχοις.
910 2541 998 2624 <22>
1019 2539 1085 2604 ὑπὸ

65 2645 188 2726 ταύτης
216 2641 254 2710 δὲ
279 2654 339 2729 τῆς
366 2654 541 2731 συμφορᾶς
568 2647 616 2720 είς
638 2647 748 2728 φόβον
773 2643 830 2709 καὶ
857 2645 973 2727 δεινὴν
1001 2644 1086 2726 ἀγω-

67 2752 147 2814 νίαν
164 2751 337 2834 καταστάς,
358 2749 415 2816 καὶ
433 2753 547 2828 δείσας
563 2747 639 2835 περὶ
657 2758 703 2838 τῷ
722 2758 850 2836 στρατῷ
872 2751 981 2831 παντί,
1005 2749 1085 2832 φεύ-

23 2873 54 2914 25
68 2876 120 2937 γει
143 2856 224 2939 μετὰ
241 2865 301 2940 τῆς
318 2862 436 2940 λοιπῆς
454 2856 626 2940 δυνάμεως
643 2857 692 2933 είς
710 2856 771 2938 τὴν
791 2854 895 2920 αὑτοῦ
913 2857 1086 2937 βασιλείαν

69 2963 118 3037 είς
144 2961 206 3043 τὴν
231 2965 343 3027 Νίνου
369 2967 699 3048 προσαγορευθεῖσαν
727 2959 863 3046 (πόλιν).
908 2959 1004 3043 <23>
1031 2955 1086 3023 καὶ

69 3067 247 3151 διατρίψας
274 3066 311 3132 έν
334 3067 416 3152 αὐτη
440 3068 556 3151 ὀλίγον
581 3070 720 3153 χρόνον,
748 3061 993 3149 δολοφονηθεὶς
1019 3063 1084 3129 ὑπὸ

68 3181 137 3237 τῶν
156 3171 389 3258 πρεσβυτέρων
406 3175 538 3240 παίδων
552 3171 791 3259 Ἀδραμελέχον
809 3169 864 3237 καὶ
882 3170 1086 3255 Σαρασοίρον

69 3283 206 3364 τελευτᾷ
225 3279 285 3344 τὸν
303 3280 390 3362 βίον,
413 3276 468 3344 καὶ
486 3278 627 3362 ἀνετέθη
647 3277 684 3343 έν
701 3288 746 3367 τῷ
766 3279 841 3366 ίδίφ
860 3285 930 3365 ναῷ
944 3274 1086 3361 Ἀροίσκη

26 3401 56 3440 ⁸⁰
71 3381 248 3472 λεγομένῳ.
297 3382 353 3449 καί
381 3387 417 3450 οἳ
443 3381 504 3469 μὲν
533 3382 803 3469 φυγαδευθέντες
833 3381 887 3448 ἐπὶ
916 3392 961 3471 τῷ
992 3385 1085 3471 φόνφ

143 3502 459 3570 §lsscfiHerodtJIML
515 3503 1096 3575 §21=4Reg.XIx35;1es.xxxvmz.

885 3591 946 3646 W*
