2400 3840
121 122 188 188 340
493 120 768 174 Apmvomz

85 312 100 357 3
186 282 296 365 <108>
320 284 381 367 τήν
405 285 593 367 συμμαχίαν
622 279 659 347 δὲ
685 282 746 364 τήν
773 281 858 366 πρὸς
880 282 961 355 τοὺς
986 282 1142 363 Βαβυλω-

120 391 215 466 νίους
234 386 284 454 ἐπ’
306 391 361 470 ἐτη
381 388 466 454 ὀκτώ
483 387 666 472 κατασχών,
690 384 822 451 διέλυσε
841 388 900 461 τὰς
919 386 1005 470 πρὸς
1024 384 1142 460 αὐτοὺς

119 497 260 577 πίστεις,
286 492 342 560 καὶ
369 506 439 572 τοῖς
461 496 661 577 Αἰγυπτίοις
683 496 916 580 προστίθεται,
945 493 1142 557 καταλύσειν

120 602 199 677 τοὺς
225 602 465 684 Βαβυλωνίους
493 600 643 683 ἐλπίσας,
674 602 705 664 εί
733 597 801 685 μετ’
832 597 972 663 ἐκείνων
1004 596 1140 680 γένοιτο.

119 705 238 790 <109>
265 708 385 790 μαθών
410 705 448 773 δὲ
470 705 566 773 τοῦθ’
593 706 612 772 6
638 717 707 771 τῶν
730 706 959 790 Βαβυλωνίων
986 707 1161 788 βασιλεὺςι

118 810 334 896 ἐστράτευσεν
357 812 407 879 ἐπ’
428 814 543 897 αὐτόν,
567 809 623 878 καὶ
645 813 708 895 τήν
730 813 842 897 χώραν
864 810 1020 886 κακώσας
1041 809 1140 874 αὐτοῦ

116 915 172 983 καὶ
195 919 234 982 τά
258 920 406 1006 φρούρια
430 921 543 1004 λαβὼν
566 916 616 984 ἐπ’
638 918 744 1002 αὐτὴν
761 913 820 1002 ήκε
838 917 900 1000 τήν
918 926 988 981 τῶν
1003 913 1141 1001 Ἱεροσο-

118 1029 267 1108 λυμιτῶν
293 1026 393 1090 πόλιν
420 1027 653 1112 πολιορκήσων
675 1025 789 1109 αὐτήν.
835 1023 955 1106 <110>
981 1021 1000 1087 6
1026 1020 1058 1087 δ’
1084 1025 1140 1088 Αἰ-

117 1131 256 1212 γύπτιος
278 1129 423 1208 ἀκούσας
445 1131 482 1197 ἐν
506 1124 557 1209 οἷς
579 1129 670 1198 ἐστίν
689 1132 707 1197 6
727 1132 896 1214 σύμμαχος
913 1127 1021 1194 αὐτοῦ
1042 1130 1139 1194 Σεδε-

117 1239 201 1319 κίας,
224 1234 402 1322 ἀναλαβών
419 1239 547 1322 πολλήν
566 1239 712 1324 δύναμιν
729 1233 809 1321 ήκεν
828 1239 876 1314 εἰς
893 1237 956 1317 τήν
972 1233 1137 1300 Ἰουδαίαν
1151 1255 1170 1295 1⁰

117 1343 163 1419 ώς
181 1343 294 1409 λύσων
311 1345 373 1428 τὴν
390 1347 595 1431 πολιορκίαν.
633 1345 651 1410 6
671 1340 708 1409 δὲ
723 1343 941 1428 Βαβυλώνιος
959 1340 1137 1425 ἀφίσταται

117 1459 185 1514 τών
204 1447 456 1535 Ἱεροσολύμων,
484 1451 676 1534 ἀπαντήσας
702 1447 740 1515 δὲ
766 1459 837 1526 τοίς
859 1449 1063 1530 Αἰγυπτίοις
1085 1445 1136 1513 καί

118 1556 297 1638 συμβαλών
316 1556 431 1633 αὐτοῖς
448 1565 487 1642 τη
507 1558 594 1643 μάχη
612 1566 700 1644 νικᾷ,
720 1553 776 1621 καὶ
794 1553 1000 1641 τρεψάμενος
1018 1553 1139 1630 αὐτοὺς

115 1661 165 1736 εἰς
188 1660 301 1743 φυγὴν
325 1660 358 1739 ἐξ
382 1661 461 1745 ὅλης
485 1662 597 1728 διώκει
622 1672 681 1747 τῆς
704 1663 843 1748 Συρίας.
888 1660 1009 1742 <111>
1038 1661 1086 1738 ὡς
1108 1658 1136 1725 δ’

115 1764 325 1853 ἀνεχώρησεν
343 1768 361 1835 6
378 1779 446 1834 τῶν
460 1772 688 1854 Βαβυλωνίων
705 1770 862 1852 βασιλεὺς
879 1765 943 1830 ἀπὸ
962 1776 1032 1830 τῶν
1043 1763 1138 1851 Ἱερο-
1151 1785 1171 1828 ιι

115 1874 281 1958 σολύμων,
304 1873 512 1958 ἐξηπάτησαν
535 1876 571 1941 οἰ
586 1876 862 1961 ψευδοπροφῆται
884 1872 945 1937 τὸν
963 1872 1139 1954 Σεδεκίαν,

116 1977 270 2061 λέγοντες
296 1980 373 2046 ούτε
400 1983 460 2047 τὸν
489 1983 709 2066 Βαβυλώνιον
742 1977 786 2045 ἐτ’
820 1978 907 2065 αύτῷ
938 1979 1140 2062 πολεμήσειν

115 2082 170 2148 καί
198 2088 276 2162 τοὺς
304 2087 496 2171 ὁμοφύλους
524 2088 584 2164 οὓς
611 2087 826 2170 ἀναστήσειεν
858 2083 894 2149 ἐκ
925 2092 984 2167 της
1016 2085 1140 2160 οἰκείας

116 2190 164 2263 εἰς
186 2190 247 2271 τήν
271 2194 472 2275 Βαβυλῶνα,
499 2195 582 2276 μετά
607 2193 743 2258 πάντων
766 2192 857 2276 ήξειν
880 2201 947 2256 τῶν
969 2199 1032 2255 τοῦ
1055 2200 1139 2256 ναοῦ

116 2303 244 2358 σκευῶν
263 2288 311 2357 ών
331 2293 492 2375 ἐσύλησεν
507 2298 525 2363 δ
539 2301 695 2380 βασιλεὺς
715 2296 750 2361 ἐκ
768 2307 829 2362 τού
849 2300 921 2363 νεώ.
958 2297 1071 2380 <112>
1086 2297 1139 2362 τά·
1152 2319 1174 2358 ιο

116 2400 236 2464 ναντία
259 2394 297 2462 δὲ
315 2399 444 2465 τούτων
462 2398 517 2464 καί
537 2400 647 2486 ἀληθῆ
666 2404 846 2488 παρελθὼν
861 2402 1018 2487 Ἱερεμίας
1036 2423 1139 2487 πρου-

117 2505 282 2590 φήτευσεν
312 2505 358 2582 ὡς
386 2516 520 2574 ποιοῦσι
553 2505 614 2594 μὲν
644 2520 752 2586 κακῶς
780 2508 836 2575 καὶ
866 2509 1049 2588 ἐξαπατῶσι
1079 2511 1139 2574 τὸν

117 2610 271 2698 βασιλέα,
298 2615 388 2701 παρὰ
412 2612 448 2681 δέ
471 2628 539 2683 τῶν
561 2620 758 2702 Αἰγυπτίων
785 2615 886 2682 οὐδέν
910 2614 1001 2680 ἐστιν
1025 2615 1139 2692 αὐτοῖς

117 2722 252 2804 ὄφελος,
281 2720 366 2787 άλλά
393 2726 531 2807 νικήσας
559 2724 681 2801 αύτούς
703 2725 721 2790 ὁ
745 2723 962 2807 Βαβυλώνιος
985 2721 1139 2808 ἐπιστρα-

116 2829 247 2891 τεύσειν
270 2829 317 2903 εἰς
340 2830 380 2892 τὰ
399 2828 611 2915 Ἱεροσόλυμα
634 2829 760 2914 μέλλει,
787 2826 843 2893 καὶ
865 2828 1079 2910 πολιορκήσει
1102 2851 1136 2892 τε
1150 2847 1173 2888 ιι

116 2930 170 2995 καὶ
194 2941 239 3019 τῷ
262 2937 346 3020 λιμῷ
370 2934 551 3021 διαφθερεῖ
572 2938 631 3001 τὸν
655 2937 777 3020 δῆμον,
804 2931 859 2998 καὶ
887 2935 966 3009 τοὺς
993 2940 1136 3020 περιλει-

116 3036 265 3121 φθέντας
288 3040 515 3122 αἰχμαλώτους
537 3039 621 3123 ἀξει,
649 3039 704 3104 καὶ
727 3043 786 3118 τὰς
808 3041 924 3115 οὐσίας
947 3040 1135 3124 διαρπάσει,

115 3142 170 3206 καὶ
194 3146 253 3209 τὸν
277 3143 313 3208 ἐν
336 3154 381 3231 τῷ
404 3155 474 3232 ναῷ
496 3151 642 3210 πλοῦτον
666 3144 851 3232 ἐκφορήσας
879 3148 926 3210 ἐτι
950 3144 1005 3210 καὶ
1030 3147 1134 3213 αὐτὸν

117 3247 275 3334 ἐμπρήσει
297 3249 353 3315 καὶ
374 3250 575 3327 κατασκάψει
598 3251 659 3333 τήν
681 3254 795 3335 πόλιν,
819 3249 885 3315 ’καὶ
908 3252 1135 3338 δουλεύσομεν

117 3354 206 3436 αὐτῷ
235 3355 290 3419 καὶ
318 3367 387 3433 τοῖς
415 3354 564 3439 ἐκγόνοις
595 3356 699 3422 αὐτοῦ
727 3354 777 3423 ἐπ’
808 3358 862 3437 ἐτη
896 3353 1171 3442 ἑβδομήκοντα,3ν

188 3478 433 3548 §108=4Reg.
448 3478 523 3534 XXV
539 3485 562 3534 1.
635 3476 876 3545 §109=1erem.
897 3476 986 3531 XLIV
1000 3485 1026 3536 5.
