2400 3840
123 113 186 177 186
488 107 762 163 εεκειοεονιεε

85 320 98 339 .
119 277 182 340 δον
209 274 384 340 ἀπονεῦον.
431 269 560 356 ἐδέχετο
587 267 619 336 δ’
644 268 665 354 ἡ
692 269 842 336 θάλαττα
867 266 995 353 βάτους
1020 281 1137 353 τρισχι-

119 385 222 459 λίους.

84 504 101 554 6
186 487 275 572 <81>
298 484 431 570 ἐποίησε
454 478 492 549 δέ
513 481 570 549 καὶ
588 474 760 569 λουτήρων
779 477 859 548 δέκα
881 479 999 565 βάσεις
1022 484 1138 564 χαλκᾶς

119 595 357 681 τετραγώνους.
404 591 533 657 τούτων
565 587 683 672 έαάστη
712 595 815 672 μῆκος
845 589 981 670 γεγόνει
1012 588 1139 674 πήχεων

119 698 232 784 πέυτε,
258 698 382 776 πλάτος
408 696 588 782 τεττάρων,
613 695 702 774 ύψος
727 692 787 774 ἐξ·
821 689 1078 763 συνωιέκλειστο
1106 687 1156 757 δλι

119 801 264 892 τοῦργον
277 805 359 870 κατά
373 800 473 888 μέρος
485 798 725 888 τετορευμένον
738 799 853 877 οὕτως.
884 797 1042 887 τέτταρες
1058 790 1138 882 ἦσαν

119 914 282 978 κιονίσκοι
305 909 387 974 κατὰ
409 910 537 991 γωνίαν
560 905 698 986 ἑστῶτες
714 906 927 994 τετράγωνοι,
951 907 994 973 τά
1016 905 1138 991 πλευρά
1182 915 1185 982 j

120 1026 179 1100 τῆς
196 1014 324 1098 βάσεως
339 1011 373 1091 ἐξ
392 1009 549 1098 ἑκατέρου
567 1011 690 1099 μέρους
708 1011 745 1078 ἐν
762 1013 879 1090 αὐτοῖς
895 1013 1033 1096 ἔχοντες
1051 1011 1139 1096 ἐνηρ·
1182 1017 1185 1027 “

120 1117 277 1206 μοσμέυα.
322 1119 411 1204 <82>
428 1113 471 1203 ῆν
490 1107 528 1184 δέ
545 1127 648 1185 ταῦτα
665 1127 760 1205 τριχῆ
782 1115 989 1204 διῃρημένα.
1004 1115 1139 1200 ἑκάστην

121 1223 159 1293 δέ
180 1227 294 1314 χώραν
316 1226 394 1313 ὅρος
417 1225 546 1311 έπεῑχευ
569 1228 617 1304 είς
638 1226 805 1310 ὑπόβασιν
824 1222 1166 1309 κατεσκευασμένων

121 1332 175 1419 ἐφ’
206 1324 257 1413 οἷς
284 1333 473 1420 ἐτετόρευτο
504 1341 549 1418 πῆ
581 1329 644 1416 μέν
675 1329 760 1399 λέων
791 1339 837 1416 τῆ
868 1325 908 1399 δέ
935 1339 1064 1416 ταῦρος
1089 1326 1138 1397 καὶ

121 1440 225 1518 άετός.
270 1438 324 1506 ἐπὶ
352 1436 390 1506 δέ
411 1450 479 1505 τῶν
505 1442 686 1529 κιονίσκων
713 1437 836 1522 ὁμοίως
857 1434 1051 1522 ἐξείργαστο
1073 1446 1139 1512 τοῖς

120 1546 203 1611 κατὰ
225 1547 266 1610 τά
282 1546 411 1631 πλευρά
427 1540 686 1632 τετορευμένοις.
729 1543 818 1627 <83>
840 1544 879 1609 τὸ
897 1538 936 1607 δδ
952 1550 1025 1609 πᾶν
1043 1544 1140 1629 ἔργον

121 1648 174 1717 ἐπὶ
197 1651 362 1736 τεττάρων
384 1651 615 1737 αἰωρούμενον
632 1659 763 1735 τροχῶν
782 1648 934 1732 εἱστήκει.
979 1645 1140 1733 χωνευτοὶ

122 1755 153 1825 δ’
178 1751 265 1843 ῆσαν
287 1751 396 1842 οὗτοι,
420 1758 572 1842 πλήμνας
592 1754 648 1822 καί
671 1757 816 1838 άντυγας
837 1754 967 1839 πήχεως
988 1752 1048 1824 καί
1070 1753 1169 1840 ἡμίν

121 1882 204 1944 σους
230 1867 360 1951 ἔχοντες
386 1865 448 1950 τῆν
476 1864 663 1951 διάμετρον.
712 1859 905 1946 ἐθαύμασεν
936 1861 984 1926 άν
1006 1883 1061 1938 τις
1085 1861 1142 1937 τάς

122 1972 245 2050 ἁψῖδας
261 1984 330 2039 τῶν
347 1982 477 2058 τροχῶν
494 1969 712 2055 θεασάμενος,
735 1968 824 2046 ὅπως
842 1966 1141 2054 συντετορευμέναι

121 2076 176 2142 καί
198 2089 270 2154 τοῖς
291 2083 449 2162 πλευροῖς
466 2086 535 2142 τῶν
552 2075 682 2160 βάσεων
699 2071 955 2161 προσηνωμέναι
973 2073 1142 2160 ἁρμοδίως

121 2192 194 2256 ταῖς
216 2180 353 2257 ἄντυξιν
377 2178 553 2246 ἐνέκειντο·
581 2171 667 2264 ἦσαν
694 2179 725 2246 δ’
752 2182 841 2266 ὅμως
863 2180 969 2258 οὕτως
996 2183 1140 2266 ἔχουσαι.

122 2285 211 2368 <84>
232 2286 291 2360 τὰς
314 2280 352 2347 δέ
375 2288 499 2366 γωνίας
525 2286 660 2350 άνωδεν
687 2286 881 2353 συνέκλειον
908 2283 993 2372 ὦμοι
1020 2291 1174 2372 χειρῦυα

121 2387 384 2473 ἀνατεταμένων,
407 2380 458 2466 οἷς
481 2387 665 2474 έπεκάδητο
690 2404 809 2478 σπεῖρα
830 2394 914 2460 κατὰ
931 2398 1050 2459 κοίλου
1074 2392 1141 2459 ἐπι-

121 2493 255 2581 κειμένη
268 2498 329 2563 τὸν
343 2502 499 2584 λουτῆρα,
517 2508 591 2576 ταῖς
603 2496 719 2586 χερσὶν
733 2498 1029 2584 ἐπαναπαυόμενον
1043 2499 1141 2566 ἀετοῦ

121 2601 177 2670 καὶ
200 2601 334 2682 λέοντος
356 2605 470 2685 αὐτοῖς
493 2605 769 2693 ἐφηρμοσμένων,
796 2606 842 2684 ὡς
865 2607 1022 2691 σύμφυτα
1047 2601 1138 2670 ταῦτ’

123 2706 209 2778 εἶναι
232 2713 346 2778 δοκείν
367 2724 438 2790 τοῖς
465 2713 577 2799 ὁρῶσι.
623 2711 744 2799 μεταξὺ
772 2709 809 2801 δέ
835 2711 964 2776 τούτων
990 2713 1142 2794 φοίνικες

121 2812 208 2900 ἦσαν
225 2817 464 2904 τετορευμένοι.
488 2820 636 2902 τοιαύτη
655 2816 717 2902 μέν
733 2818 754 2902 ῆ
772 2817 955 2899 κατασκευὴ
974 2827 1043 2883 τῶν
1062 2815 1140 2885 δέκα
1153 2835 1175 2879 ει

123 2923 252 3006 βάσεων
270 2925 406 3008 ὑπῆρχε,
429 2925 515 3007 <85>
533 2922 808 3008 προσεξείργαστο
828 2919 866 2989 δέ
883 2921 938 2989 καί
957 2924 1141 3008 χυτρογαύ-

122 3032 203 3104 λους
222 3025 311 3110 δέκα,
333 3032 498 3112 λουτῆρας
516 3025 744 3112 στρογγύλους
760 3036 912 3117 χαλκοῦς,
936 3027 985 3099 ὧν
1005 3030 1142 3109 ἕκαστος

123 3131 238 3217 ἐχώρει
261 3133 500 3220 τετταράκοντα
522 3135 614 3217 χόας·
637 3135 675 3200 τὸ
697 3137 762 3222 γὰρ
784 3137 870 3216 ὕψος
891 3135 958 3222 εἶχε
974 3138 1142 3223 τεττάρων

122 3238 269 3322 πῆχεων,
295 3237 350 3306 καί
373 3241 544 3318 τοσούτοις
566 3236 622 3305 ἀπ’
648 3238 802 3325 άλλῆλων
826 3243 939 3322 αὐτοῖς
963 3245 1141 3328 διειστήκει

121 3341 162 3404 τά
178 3345 286 3442 χείλη.
330 3347 446 3429 τίδησι
473 3342 512 3412 δέ
537 3347 617 3423 τοὺς
640 3350 804 3434 λουτῆρας
830 3351 969 3429 τούτους
996 3349 1141 3417 ἐπὶτῶν
1154 3368 1179 3409 ³⁰

196 3464 211 3525 ἕ
230 3465 263 3515 81
338 3472 354 3520 3
373 3467 441 3537 Reg.
461 3470 513 3525 VII
527 3476 569 3527 27.
