2400 3840
122 154 190 219 344
493 153 767 205 ΔΡΧΑΙΟΛΟΓῙΑΣ

123 317 221 392 δενδς
245 315 308 398 γὰρ
326 322 430 378 κακοῦ
447 315 714 397 πειραθήσεσθαι
732 312 927 397 παραδόντα
947 323 1019 389 τοῖς
1037 315 1139 396 Βαβυ-

124 424 259 497 λωνιοις
281 416 352 484 οὔτ’
377 417 482 484 αὐτὸν
503 420 581 484 οὔτε
603 420 644 483 τὰ
667 416 764 483 τέκνα
792 418 870 483 ούτε
893 419 953 494 τὰς
966 431 1139 590 ὶγυναῖκας,

123 526 287 612 μενεῖνδ
265 522 304 591 δὲ
330 522 386 590 καὶ
413 526 473 590 τὸν
500 527 585 590 ναὸν
611 524 736 609 ἀπαθῆ.
782 522 978 608 <129>καὶ
920 522 1138 609 κατὸνμέν

119 630 281 717 Ἱερεμίαν
304 627 396 696 ταῦτ’
417 632 552 696 είπόντα
573 630 591 697 δ
610 632 766 715 βασιλεὺς
784 628 937 714 ἀπέλυσε,
962 631 1138 718 προστάξας

123 738 214 826 αὐτῷ
236 739 321 823 πρὸς
342 737 469 824 μηδένα
491 748 559 803 τῶν
580 743 727 803 πολιτῶν
750 736 934 819 ἐξενεγκεῖν
952 739 995 802 τά
1014 735 1135 816 δόξαντ’
1147 751 1157 790 ⁵
1181 797 1183 842 ,

124 843 253 925 «bross,
280 843 364 909 ἀλλὰ
391 840 474 928 μηδὲ
496 854 566 921 τοῖς
587 842 762 929 ἡγεμόσιν,
790 844 821 907 εί
846 844 1018 927 μαθόντες
1044 844 1138 908 αὐτὸν

124 947 181 1016 ἀπ’
202 949 307 1015 αὐτοῦ
325 949 554 1034 μετάπεμπτον
573 947 747 1032 γεγονέναι
764 949 1002 1014 πυνθάνονται
1020 954 1055 1015 τί
1070 955 1137 1030 κλη-

125 1053 199 1132 θείς
221 1061 308 1120 είποι
331 1056 415 1138 πρὸς
436 1054 556 1138 αὐτόν,
578 1056 717 1140 φράζειν
739 1080 770 1120 τι
793 1056 937 1138 τούτων,
961 1054 1047 1121 ἀλλά
1070 1055 1137 1134 σπη’-

123 1165 265 1227 πτεσθαι
287 1161 372 1247 πρὸς
392 1159 516 1239 αὐτοὺς
537 1162 589 1227 ὅτι
612 1162 748 1246 δεηθείη
772 1161 816 1246 μὴ
840 1160 878 1226 ἐν
896 1162 1009 1250 δεσμῷ
1027 1160 1136 1244 τυγχά-

125 1288 197 1332 νειν
219 1262 274 1332 καὶ
297 1272 440 1353 φυλακῇ.
485 1268 605 1351 <130>
631 1264 687 1332 καὶ
715 1268 756 1350 δὴ
784 1274 883 1332 τοῦτο
910 1269 997 1351 πρὸς
1025 1268 1136 1342 αὐτοὺς
1147 1283 1165 1322 1⁰

124 1375 251 1457 ἔλεγεν·
274 1372 507 1441 ἐπυνθάνοντο
528 1375 592 1458 γὰρ
613 1372 771 1450 ἐλθόντες
788 1375 871 1459 πρὸς
888 1375 950 1438 τὸν
967 1376 1137 1460 προφήτην

125 1482 160 1544 τί
178 1477 255 1563 περὶ
277 1478 389 1545 αὐτῶν
410 1478 564 1564 ἀφίκοιτο
586 1481 671 1565 πρὸς
692 1481 752 1545 τὸν
772 1477 910 1563 βασιλέα
930 1481 1137 1563 σκήπτεσθαι.

84 1587 106 1654 8
190 1580 246 1650 καὶ
266 1594 370 1651 ταῦτα
387 1582 450 1669 μὲν
467 1585 574 1664 οὕτως
591 1583 723 1670 ἐλέχθη,
745 1586 856 1668 <131>
874 1593 934 1669 τῆς
954 1583 991 1651 δὲ
1010 1594 1138 1671 πολιορ-

123 1692 199 1770 κίας
216 1701 284 1757 τῶν
296 1689 536 1776 Ἱεροσολύμων
553 1692 572 1759 ὁ
586 1693 804 1777 Βαβυλώνιος
823 1691 1048 1776 ἐντεταμένως
1064 1694 1138 1776 σφό-

124 1797 189 1883 δρα
215 1795 271 1864 καὶ
297 1798 482 1884 προθύμως
508 1803 627 1882 εἴχετο·
658 1799 808 1884 πύργους
837 1820 872 1863 τε
899 1799 963 1883 γὰρ
990 1798 1139 1882 μεγάλων
1150 1813 1170 1854 1⁵

124 1904 346 1988 οἰκοδομήσας
371 1903 548 1989 χωμάτων,
578 1900 635 1968 ἀπ’
664 1903 776 1969 αὐτῶν
803 1903 937 1988 ἀνεῖργε
963 1908 1045 1981 τοὺς
1076 1914 1139 1979 τοῖς

124 2012 268 2093 τείχεσιν
290 2007 490 2093 ἐφεστῶτας,
517 2006 573 2074 καὶ
598 2011 706 2075 πολλὰ
732 2007 809 2096 περὶ
831 2012 891 2075 τὸν
913 2010 1040 2075 κύκλον
1066 2012 1140 2077 ὅλον

125 2114 235 2196 ἤγειρε
257 2116 401 2198 χώματα,
423 2125 494 2191 τοῖς
516 2117 637 2198 τείχεσι
658 2117 698 2181 τὸ
717 2116 804 2193 ὕψος
823 2122 887 2180 ίσα.
931 2117 1043 2198 <132>
1067 2141 1139 2201 καρ-

122 2228 226 2299 τερῶς
248 2215 286 2284 δὲ
307 2216 363 2282 καὶ
385 2221 569 2303 προθύμοις
591 2222 714 2305 ἔφερον
741 2224 776 2286 οί
801 2222 895 2299 ἐντὸς
921 2222 983 2304 τὴν
1007 2229 1140 2308 πολιορ-

121 2324 211 2387 κίαν·
235 2324 379 2405 ἔκαμνον
401 2324 464 2405 γὰρ
488 2324 565 2389 οὔτε
585 2326 669 2409 πρὸς
686 2326 748 2390 τὸν
766 2330 866 2410 λιμὸν
884 2329 961 2394 οὔτε
979 2332 1065 2415 πρὸς
1083 2331 1141 2412 τὴν
1152 2343 1175 2384 ²⁰

121 2429 225 2493 νόσον
252 2427 313 2512 τὴν
340 2431 509 2513 λοιμικήν,
536 2429 620 2496 ἀλλά
647 2432 765 2517 καίπερ
793 2435 894 2499 ἔνδον
920 2436 984 2500 ὑπὸ
1013 2439 1141 2501 τούτων

123 2532 339 2622 ἐλαυνόμενοι
361 2548 430 2604 τῶν
451 2543 583 2622 παθῶν,
605 2538 664 2615 τὰς
685 2541 795 2623 ψυχὰς
813 2543 957 2627 ἔρρωντο
979 2545 1066 2626 πρὸς
1084 2546 1142 2609 τὸν

122 2645 284 2729 πόλεμον,
311 2640 395 2730 μηδὲ
417 2646 501 2729 πρὸς
522 2647 581 2723 τὰς
604 2642 753 2723 ἐπινοίας
776 2658 844 2711 τῶν
868 2645 1001 2730 ἐχθρῶν
1023 2645 1080 2712 καὶ
1104 2651 1142 2713 τά

122 2752 339 2836 μηχανήματα
379 2755 695 2838 καταπληττόμενοι,
736 2749 808 2817 ἀλλ’
849 2751 1142 2837 ἀντιμηχανήματα

121 2858 206 2938 πρὸς
222 2857 331 2922 πάντα
349 2857 389 2921 τά
406 2854 484 2941 παρ’
507 2855 644 2923 ἐκείνων
661 2857 945 2938 ἀντεπινοοῦντες,
966 2858 1077 2940 <133>
1098 2860 1142 2936 ὡς
1154 2875 1178 2916 ιι

122 2954 209 3025 εἶναι
236 2962 296 3026 τὸν
323 2961 402 3025 ὄλον
425 2961 539 3043 ἀγῶνα
565 2959 621 3026 καὶ
648 2972 718 3038 τοῖς
741 2965 970 3046 Βαβυλωνίοις
992 2962 1049 3027 καὶ
1071 2978 1143 3042 τοῖς

118 3063 395 3149 Ἱεροσολυμίταις
426 3066 582 3147 ὀξύτητος
612 3063 668 3130 καὶ
700 3067 878 3151 συνέσεως,
910 3080 978 3132 τῶν
1009 3067 1073 3152 μὲν
1104 3074 1142 3137 τὸ

122 3171 225 3237 πλέον
248 3170 285 3235 ἐν
307 3171 410 3254 ταύτῃ
429 3171 620 3253 δυνηθῆναι
639 3170 700 3253 τὴν
719 3173 849 3258 αἵρεσιν
867 3171 1032 3257 οἰομένων
1054 3171 1142 3240 εἶναι

122 3286 181 3359 τῆς
203 3279 344 3357 πόλεως,
371 3286 438 3339 τῶν
466 3271 504 3339 δέ
530 3276 592 3358 τὴν
619 3279 786 3361 σωτηρίαν
813 3277 873 3342 οὐκ
900 3278 937 3343 ἐν
960 3281 1049 3368 ἄλλῳ
1073 3281 1142 3346 τινὶ

122 3381 310 3466 τιθεμένων
333 3380 353 3464 ἣ
378 3379 414 3445 ἐν
437 3390 482 3469 τῷ
505 3381 549 3465 μὴ
572 3393 689 3465 καμεῖν
712 3380 788 3466 μηδ’
814 3381 967 3450 ἀπειπεῖν
989 3386 1140 3465 ἀντεξευ-
1155 3406 1181 3446 ιο

191 3501 548 3571 §129=1erem.XLV16.
604 3508 722 3552 81312-
757 3502 761 3503 ’
834 3503 1139 3572 YXV1310rem.LII4.
