2400 3840
86 128 152 192 318
390 130 664 181 mmmm
683 131 809 180 ENATH

85 287 240 375 πρέσβεις
263 288 395 355 ἐδέοντο
420 291 519 376 ίερεῖς
537 291 660 373 αὐτοῖς,
683 285 731 355 ὧν
751 293 874 375 ἔλαβεν
895 296 1111 379 αἰχμαλώτων
1142 298 1143 301 ’

86 401 164 474 τοὺς
184 395 386 484 Ἰσραηλίτας
408 398 610 480 πολεμήσας,
637 397 840 462 ἀποστεῖλαι.
890 399 1020 484 <290>
1043 401 1112 486 πέμ·
1145 481 1147 494 ρ

86 514 212 581 ψαντος
235 502 288 587 δέ,
314 503 354 568 τοί
377 525 413 567 τε
434 505 558 587 νόμιμα
581 499 636 568 καὶ
659 503 720 586 τήν
743 502 818 590 περὶ
843 507 906 570 τὸν
931 511 1024 573 θεὸν
1047 518 1111 575 τοῦ·

85 635 146 675 τον
173 610 270 676 ὁσίαν
297 607 513 694 διδαχθέντες
545 607 751 691 ἐθρήσκευον
781 610 888 675 αὐτὸν
915 619 1110 699 φιλοτίμως,
1146 650 1147 673 1

85 713 140 780 καὶ
170 725 231 781 τοῦ
259 723 377 800 λοιμοῦ
408 713 596 800 παραχρῆμ’
627 714 822 780 ἐπαύσαντο.
877 720 1057 803 χρώμενοί
1082 738 1127 786 τεν

86 834 156 898 τοῖς
179 822 292 898 αὐτοῖς
315 825 363 887 ἔτι
385 819 441 886 καὶ
464 830 529 887 νῦν
547 824 641 887 ἔθεσι
660 823 872 887 διατελοῦσιν
894 825 931 888 οί
949 829 1039 892 κατὰ
1057 825 1109 911 μὲν

85 929 147 1012 τήν
161 927 324 1013 Ἑβραίων
346 933 496 1010 γλῶτταν
516 932 682 993 Χουθαῖοι
704 929 786 993 κατὰ
805 924 842 992 δὲ
861 930 926 1012 τήν
942 929 1108 1017 Ἑλλήνων

86 1039 306 1118 Σαμαρεῖται,
334 1035 452 1118 <291>
481 1037 516 1100 οἳ
540 1036 623 1120 πρὸς
646 1035 846 1119 μεταβολήν,
875 1036 961 1101 ὅταν
992 1036 1056 1122 μὲν
1076 1034 1107 1103 εὐ

84 1139 289 1223 πράττοντας
317 1138 476 1224 βλέπωσι,
505 1144 584 1217 τοὺς
608 1138 791 1217 Ἰουδαίους
821 1155 1005 1224 συγγενεῖς
1036 1145 1105 1211 ὐπο-

84 1250 245 1311 καλοῦσιν
263 1245 309 1323 δις
327 1245 360 1324 ἐξ
376 1244 536 1329 Ἰωσήπου
554 1247 678 1330 φύντες
695 1246 750 1312 καὶ
768 1246 830 1328 τήν
849 1246 959 1331 ἀρχήν
980 1249 1104 1317 ἐκεῖθεν
1114 1266 1131 1307 1⁰

85 1362 144 1437 τῆς
165 1354 249 1439 πρὸς
271 1352 393 1430 αὐτοὺς
416 1354 546 1437 ἔχοντες
569 1355 778 1434 οἰκειότητος,
803 1352 886 1417 ὅταν
910 1350 950 1418 δὲ
973 1363 1104 1423 πταίον-

85 1482 143 1533 τας
162 1459 289 1542 ἴδωσιν,
308 1459 500 1542 οὐδαμόθεν
518 1458 632 1535 αὐτοῖς
649 1460 828 1544 προσήκειν
851 1456 1018 1542 λέγουσιν
1036 1461 1101 1529 οὐδ’

85 1558 171 1627 εἶναι
204 1565 335 1628 δίκαιον
367 1561 468 1630 οὐδὲν
500 1564 613 1641 αὐτοῖς
645 1565 777 1642 εὐνοίας
803 1563 824 1647 ή
852 1564 992 1652 γε’νους,
1027 1571 1103 1636 ἀλλὰ

85 1672 257 1752 μετοίκους
279 1668 475 1748 ἀλλοεθνεῖς
493 1671 740 1755 ἀποφαίνουσιν
758 1670 906 1748 ἑαυτούς.
949 1677 1030 1762 περὶ
1049 1674 1102 1761 μὲν

85 1770 148 1839 οὖν
170 1777 298 1842 τούτων
321 1775 437 1861 ἕξομεν
459 1778 692 1864 εὐκαιρότερον
716 1782 829 1844 εἰπεῖν.
1112 1795 1128 1836 1⁵
