2400 3840
117 138 182 200 184
488 137 762 190 ΑΡΧΑΙΟΔΟΓΙΑΣ

116 299 154 363 αί
175 298 301 364 εἴσοδοι
329 299 385 364 διὰ
412 309 541 384 μικρῶν
567 298 657 364 πάνυ
684 304 813 384 θυρῶν.
859 296 996 382 διέλαβε
1021 293 1060 362 δὲ
1081 299 1135 362 τδν

117 407 201 471 ναὸν
218 402 274 470 καὶ
293 406 436 471 ἔνδοθεν
453 403 510 469 καὶ
529 403 655 482 ἔξωθεν
674 402 786 482 ξύλοις
803 404 982 490 κεδρίνοις,
1004 403 1135 469 ἁλύσεσι

117 515 269 596 παχείαις
300 508 568 594 συνδεδεμένοις,
605 509 688 576 ὥστε
720 507 792 576 ἀντ’
827 509 1055 596 ὀχυρωμάτων
1087 505 1135 574 καὶ

119 619 230 703 ῥώμης
252 615 343 683 τοῦτ’
368 617 483 692 αὐτοῖς
505 611 601 682 εἶναι.

82 743 99 789 3
186 724 273 807 <71>
292 723 413 788 διελὼν
432 719 469 787 δὲ
486 723 546 787 τὸν
563 722 648 787 ναδν
671 723 719 799 εἰς
737 721 811 806 δύο,
834 723 894 787 τὸν
912 718 976 806 μέν
998 723 1156 788 ένδοθενι

120 825 213 896 οἶκον
241 835 345 895 εἴκοσι
372 829 504 913 πήχεων
532 826 687 912 ἐποίησεν
717 829 843 894 άδυτον
874 824 979 913 εἶναι,
1013 831 1073 895 τδν
1104 823 1137 892 δὲ

119 935 358 1019 τετταράκοντα
380 933 512 1017 πήχεων
539 934 637 1016 ἅγιον
663 935 748 1000 ναὸν
770 933 950 1013 ἀπέδειξεν.
999 934 1137 1018 ἐκτεμὼν

120 1039 158 1106 δὲ
180 1041 240 1105 τὸν
262 1036 365 1122 μέσον
387 1050 501 1123 τοῖχον
519 1040 630 1124 θύρας
648 1037 805 1123 ἐπέστησε
826 1041 994 1127 κεδρίνας,
1016 1041 1137 1127 χρυσὸν

120 1145 237 1220 αὐταῖς
272 1145 381 1210 πολύν
418 1142 680 1230 ἐνεργασάμενος
714 1143 769 1210 καὶ
806 1149 941 1232 τορείαν
975 1150 1137 1228 ποικίλην.

121 1251 218 1334 <72>
240 1248 438 1316 κατεπέτασε
466 1247 503 1316 δὲ
529 1251 652 1328 ταύτας
676 1249 801 1335 ῦφεσιν
827 1251 1087 1329 εὐανθεστάτοις
1109 1249 1167 1328 έξιι

120 1358 289 1423 ὑακίνθου
309 1353 366 1422 καὶ
388 1356 565 1442 πορφύρας
590 1353 647 1421 καὶ
674 1359 797 1422 κόκκου
823 1356 1075 1442 πεποιημένοις,
1102 1356 1138 1422 ού

120 1465 188 1549 μην
210 1463 294 1528 άλλδι
320 1459 377 1528 καὶ
404 1462 532 1546 βύσσου
559 1461 789 1549 λαμπροτάτης
815 1461 870 1528 καὶ
897 1464 1139 1547 μαλακωτάτης.

121 1568 265 1651 ἀνέθηκε
288 1565 321 1631 δ’
342 1569 390 1644 είς
411 1570 450 1634 τδ
468 1568 594 1634 άδυτον
616 1574 720 1634 είκοσι
738 1570 870 1654 πήχεων
887 1572 925 1635 τὸ
943 1564 1054 1657 εὖρος,
1076 1581 1140 1636 τῶν

120 1670 152 1738 δ’
174 1673 286 1739 αὐτῶν
303 1670 359 1738 καὶ
377 1675 415 1740 τὸ
433 1683 546 1760 μῆκος,
569 1675 632 1741 δύο
651 1676 823 1759 χερουβεϊς
844 1674 1062 1762 ὁλοχρύσους,
1083 1677 1140 1758 πη-

121 1805 208 1866 χεων
231 1778 390 1867 ἑκατέραν
415 1782 454 1848 τὸ
480 1781 568 1860 ῦψος
593 1779 700 1846 πέντε.
746 1781 808 1846 δύο
836 1779 868 1845 δ’
892 1776 980 1865 ἦσαν
1006 1781 1171 1870 ἑκατέρριε

121 1887 283 1976 πτέρυγες
306 1886 359 1954 ἐπὶ
381 1887 480 1955 πέντε
502 1888 617 1971 πήχεις
645 1884 866 1971 έκτεταμέναι·
894 1888 984 1972 <73>
1011 1887 1141 1955 διὸκαὶ

122 1994 163 2060 ού
181 1995 311 2081 μακρὰν
330 1992 386 2060 ἀπ’
405 1993 558 2077 άλληλων
576 1992 679 2070 αῦτδς
696 1990 889 2075 άπέστησεν,
907 1993 964 2058 ἵνα
982 2005 1053 2060 τῶν
1070 2017 1142 2060 πτε-

123 2102 236 2185 ρύγων
249 2109 288 2183 τῇ
303 2096 365 2183 μὲν
382 2101 549 2164 άπτωνται
564 2107 624 2164 τοῦ
642 2099 724 2163 κατά
738 2101 839 2163 νότον
856 2097 1012 2182 κειμένου
1029 2105 1142 2187 τοίχου

122 2212 183 2268 τοῦ
206 2203 343 2284 άδύτου,
366 2211 405 2286 τῇ
429 2200 467 2268 δὲ
489 2204 571 2267 κατά
594 2207 732 2289 βορρᾶν,
755 2205 793 2268 αί
809 2202 841 2268 δ’
861 2205 959 2270 άλλαι
982 2206 1143 2292 πτέρυγες

122 2308 239 2380 αὑταῖς
261 2305 488 2370 συνάπτουσαι
511 2310 647 2392 τεθείσῃ
670 2306 791 2392 μεταξύ
814 2310 925 2376 αὐτῶν
949 2320 989 2396 τῇ
1012 2317 1175 2401 κιβωτῷνι

123 2409 226 2493 σκέπη
244 2409 441 2493 τυγχάνωσι.
476 2411 535 2488 τὰς
554 2408 592 2477 δὲ
609 2416 782 2498 χερουβεῑς
800 2414 912 2494 ούδεὶς
928 2417 1045 2483 ὁποῖαί
1055 2443 1142 2496 τινες

122 2513 208 2602 ἦσαν
236 2519 341 2583 εἰπεῖν
367 2515 441 2583 οὐδ’
471 2517 599 2584 εἰκάσαι
627 2521 776 2586 δύναται.
822 2523 909 2605 <74>
937 2522 1142 2611 κατέστρωσε

124 2623 161 2692 δέ
183 2622 239 2691 καὶ
261 2634 322 2692 τοῦ
344 2633 429 2692 ναοῦ
451 2626 622 2712 τούδαφος
645 2627 803 2714 ἐλάσμασι
829 2637 972 2714 χρυσοῦ,
1000 2629 1142 2715 ἐπέθηκε

124 2731 162 2800 δέ
184 2730 240 2799 καὶ
262 2744 308 2823 τῷ
330 2740 461 2801 πυλῶνι
483 2743 544 2800 τοῦ
566 2744 652 2801 ναοῦ
674 2736 784 2821 θύρας
805 2736 889 2820 πρὸς
913 2736 950 2800 τὸ
973 2736 1060 2815 ύψος
1082 2746 1143 2803 τοῦ

124 2844 239 2925 τοίχου
258 2838 579 2925 συμμεμετρημένας,
601 2834 698 2925 εὖρος
716 2839 855 2923 ἐχούσας
873 2842 1005 2926 πήχεων
1028 2849 1143 2926 εἴκοσι,
1156 2859 1179 2902 υ

123 2945 178 3012 καὶ
206 2946 327 3020 ταύτας
358 2948 575 3026 κατεκόλλησε
606 2953 728 3031 χρυσῷ.
779 2946 874 3029 (75)
905 2951 1081 3014 συνελόντι
1110 2947 1140 3013 δ’

124 3055 245 3135 εἰπεῖν,
269 3044 371 3114 οὐδέν
394 3054 483 3114 είασε
505 3056 566 3113 τοῦ
589 3056 673 3113 ναοῦ
697 3047 797 3135 μέρος
820 3049 891 3117 οὔτ’
918 3051 1045 3131 ἔξωθεν
1069 3052 1141 3119 οὔτ’

125 3161 268 3224 ἔνδοθεν
295 3154 313 3221 δ
339 3154 383 3238 μὴ
405 3155 529 3239 χρυσὸς
550 3148 602 3237 ἦν.
647 3156 846 3222 κατεπέτασε
873 3154 910 3222 δὲ
937 3156 993 3223 καὶ
1021 3161 1144 3237 ταύτας

123 3266 182 3342 τάς
205 3264 314 3348 θύρας
341 3260 463 3344 ὁμοίως
490 3271 563 3336 ταῖς
590 3257 752 3347 ένδοτέρω
779 3263 1075 3349 καταπετάσμασιν.
1122 3266 1143 3348 ἡ

125 3365 162 3433 δὲ
184 3378 245 3434 τοῦ
267 3367 418 3453 προνάου
439 3368 527 3449 πύλη
550 3366 679 3432 τούτων
701 3366 802 3433 οὐδὲν
825 3364 899 3452 εἶχε.
1155 3391 1180 3431 ω

197 3486 543 3556 ξΊΙ-ΒΗΘΕ.Ἦ16.
