2400 3840
113 157 176 222 152
482 157 756 210 ΑΡΧΔΙΟΛΟΓΙΑΣ
812 229 819 241 ἱ

111 319 314 407 παραλαβὼν
331 316 386 385 καὶ
404 329 615 405 γραμματεῖς,
637 317 740 384 ἐπιὼν
756 317 819 402 τήν
836 327 904 383 τῶν
919 313 1134 402 Ἰσραηλιτῶν

112 430 234 515 χώραν,
247 423 304 492 καὶ
317 428 354 492 τὸ
368 432 499 511 πλῆθος
514 426 594 491 ὅσον
611 422 679 490 ἐστὶ
693 426 909 508 κατανοήσας,
926 422 1135 510 ὑπέστρεψεν

114 537 162 612 εἰς
184 531 395 618 Ἰεροσόλυμα
421 533 504 618 πρὸς
531 531 591 597 τὸν
617 528 755 616 βασιλέα
787 531 867 615 μετὰ
899 539 1008 615 μῆνας
1036 527 1135 595 ἐννέα

113 638 168 706 καὶ
182 638 307 725 ἡμέρας
325 644 441 721 εῖκοσι,
457 635 513 703 καὶ
530 639 590 703 τὸν
608 637 757 723 ἀριθμὸν
773 635 920 703 ἀπέδωκε
937 645 984 723 τῷ
1003 639 1137 721 βασιλεῖ

114 755 174 812 τοῦ
193 751 277 811 λαοῦ
295 741 396 830 χωρὶς
413 752 472 827 τῆς
486 744 719 827 Βενιαμίτιδος
732 749 854 827 φυλῆς·
874 742 985 826 <3ἳο>
1000 739 1158 827 έξοιριθ-ι

115 861 216 936 μῆσαι
239 853 302 936 γάρ
321 850 426 934 αὐτήν
444 849 506 915 οὐκ
525 852 685 934 ἔφθασεν,
708 845 781 916 ἀλλ’
802 844 882 914 οὐδὲ
898 847 961 930 τήν
980 852 1135 914 Λευιτῶν

115 959 240 1043 φυλήν·
272 958 448 1041 μετενόησε
475 956 538 1040 γάρ
566 955 584 1021 6
613 957 768 1039 βασιλεὺς
800 948 849 1020 ὧν
880 956 928 1031 εἰς
958 954 1020 1019 τόν
1049 955 1135 1020 θεὸν

113 1064 267 1148 ῆμαρτεν.
312 1055 355 1145 ῆν
379 1058 416 1127 δὲ
438 1072 506 1127 τῶν
528 1062 640 1127 ἀλλων
660 1059 872 1146 Ἰσραηλιτῶν
896 1060 1043 1145 ἀριθμὸς
1067 1059 1134 1125 ἐνε-

114 1169 258 1250 νήκοντα
289 1167 449 1253 μυριάδες
481 1167 566 1234 ὅπλα
598 1167 772 1251 βαστάζειν
803 1164 859 1231 καὶ
893 1168 1134 1250 στρατεύεσθαι

115 1272 322 1360 δυναμένων,
339 1273 360 1358 ῆ
380 1275 401 1340 δ
425 1271 534 1340 Ἰούδα
552 1273 643 1358 φυλή
660 1270 740 1338 καθ’
757 1270 879 1356 ἑαυτήν
893 1273 1133 1357 τετταράκοντα
1146 1293 1169 1333 ιο

115 1379 281 1468 μυριάδες
297 1376 392 1465 ἦσαν.
1064 1436 1070 1445 .

82 1504 98 1552 2
184 1488 293 1571 (321)
315 1497 383 1552 τῶν
411 1483 449 1552 δὲ
475 1497 657 1573 προφητῶν
683 1485 905 1568 δηλωσάντων
930 1494 977 1571 τῷ
999 1484 1135 1568 Δαυίδη

116 1593 167 1658 ὅτι
191 1590 236 1656 δι’
257 1592 359 1677 ὀργῆς
382 1588 473 1657 ἐστὶν
495 1589 584 1679 αὐτῷ
603 1591 621 1658 6
639 1594 731 1675 θεός,
754 1592 913 1656 ἱκετεύειν
934 1588 1056 1677 ήρξατο
1079 1587 1135 1654 καὶ

117 1704 321 1785 παρακαλεῖν
349 1697 469 1782 εὐμενῆ
497 1699 654 1781 γίνεσθαι
680 1694 736 1763 καὶ
764 1697 1005 1781 συγγινώσκειν
1032 1696 1135 1782 ῆμαρ-

117 1807 237 1889 τηκότι.
280 1804 391 1870 Γάδον
414 1800 452 1869 δδ
474 1805 534 1870 τὸν
551 1805 727 1890 προφήτην
750 1805 895 1887 ἔπεμψεν
915 1802 933 1869 6
952 1803 1034 1878 θεὸς
1052 1803 1135 1887 πρὸς
1147 1821 1170 1864 ιτ

117 1912 221 1978 αὐτὸν
242 1923 332 1996 τρεῖς
349 1909 493 1998 αἱρέσεις
508 1912 694 1996 κομίζοντα,
717 1909 805 1987 ὅπως
824 1906 985 1986 έκλέξεται
1004 1909 1135 1974 τούτων

117 2017 160 2101 ῆν
182 2017 225 2084 ἀν
248 2017 425 2103 δοκιμάση,
450 2019 594 2101 πότερον
620 2015 715 2082 θέλει
741 2016 840 2099 λιμὸν
867 2012 1025 2098 γενέσθαι
1053 2015 1136 2080 κατά

117 2123 179 2205 τήν
209 2125 322 2208 χώραν
354 2121 404 2188 ἐπ’
435 2125 490 2206 ἔτη
518 2120 614 2205 έπτά,
645 2121 666 2205 ῆ
696 2133 784 2207 τρεῖς
815 2129 921 2206 μῆνας
947 2123 1136 2205 πολεμήσας

117 2227 183 2293 ὑπὸ
210 2238 278 2293 τῶν
305 2225 439 2312 ἐχθρῶν
466 2227 666 2310 ἡττηθῆναι,
696 2225 717 2310 ῆ
744 2228 863 2312 λοιμὸν
890 2225 1052 2309 ἐνσκῆψαι
1080 2223 1136 2292 καὶ

116 2334 219 2398 νόσον
241 2328 295 2397 ἐπὶ
317 2342 406 2417 τρεῖς
423 2328 547 2416 ἡμέρας
564 2343 635 2408 τοῖς
649 2330 823 2418 Ἑβραίοις.
864 2333 974 2417 (322)
996 2332 1014 2398 6
1034 2330 1065 2398 δ’
1087 2333 1172 2410 εἰςιν

116 2437 287 2522 ἀμήχανον
314 2436 454 2520 ἐκλογήν
481 2437 635 2522 μεγάλων
660 2448 772 2504 κακῶν
804 2436 954 2523 ἐμπεσὼν
982 2438 1134 2504 ἐλυπεῖτο

115 2541 172 2609 καὶ
194 2542 315 2631 σφόδρ’
340 2538 383 2630 ῆν
406 2541 658 2630 συγκεχυμένος.
698 2554 759 2611 τοῦ
782 2541 820 2610 δὲ
837 2547 1013 2631 προφήτου
1035 2554 1135 2612 τοῦτο

117 2652 190 2719 δεῖν
222 2650 255 2731 ἐξ
287 2651 431 2738 ἀνάγκης
457 2650 616 2737 γενέσθαι
643 2654 827 2738 φήσαντος,
857 2649 912 2717 κοιλ
939 2652 1135 2728 κελεύοντος

113 2759 359 2845 ἀποκρίνασθαι
376 2758 511 2846 ταχέως,
533 2756 579 2826 ἵν’
600 2758 783 2844 ἀπαγγείλῃ
800 2759 862 2842 τήν
880 2759 1010 2843 αἵρεσιν
1028 2758 1134 2824 αὐτοῦ

113 2873 159 2951 τῷ
181 2870 266 2951 θεῷ,
293 2866 512 2950 λογισάμενος
538 2867 557 2933 6
580 2868 736 2951 βασιλεὺς
762 2864 808 2942 ὡς
830 2866 862 2929 εἰ
883 2866 982 2949 λιμὸν
1004 2866 1133 2948 αἰτήσει
1147 2886 1172 2928 τι

114 2965 202 3046 δόξει
224 2976 323 3034 τοῦτο
346 2969 560 3055 πεποιηκέναι
577 2982 649 3048 τοῖς
666 2972 780 3047 ἄλλοις
798 2970 887 3058 αὑτῷ
905 2968 967 3055 μὲν
985 2969 1134 3055 ἀφόβως,

114 3075 164 3140 ότι
186 3075 295 3140 πολὺν
315 3075 415 3153 αὐτὸς
433 3073 702 3160 ἐγκεκλεισμένον
720 3078 789 3162 ἔχοι
808 3087 913 3161 σῖτον,
936 3075 1076 3154 ἐκείνοις
1095 3075 1134 3144 δὲ

114 3186 298 3270 βλαβερῶς,
331 3181 440 3265 (323)
468 3180 511 3247 δν
538 3179 578 3247 δέ
602 3180 634 3265 γ’
664 3181 776 3266 ἕληται
803 3185 882 3260 τοὺς
909 3193 997 3269 τρεῖς
1024 3193 1134 3269 μῆνας

113 3286 317 3373 νικωμένους
339 3288 471 3372 αὐτούς,
497 3288 547 3354 ὅτι
570 3291 649 3367 τοὺς
670 3289 926 3375 ἀνδρειοτάτους
948 3292 1034 3376 ἔχων
1056 3290 1133 3377 περὶ

115 3396 218 3461 αὑτὸν
235 3393 291 3461 καὶ
310 3395 456 3482 φρούρια
473 3392 529 3460 καὶ
548 3395 593 3473 ὡς
611 3395 668 3461 διὰ
685 3405 784 3462 τοῦτο
802 3392 907 3481 μηδὲν
922 3399 1134 3482 φοβούμενος
1146 3417 1172 3459 ιο

188 3517 874 3586 §320=2Reg.xx1v921Paml.xxle.
