2400 3840
495 153 648 204 EBAOMH
1013 154 1077 218 135

59 317 192 398 ἔφευγε·
218 316 402 398 φερόμενος
425 310 463 379 δὲ
485 314 565 397 μετά
589 313 695 399 ῥύμης
722 312 776 379 καὶ
800 315 865 380 ὑπὸ
889 324 948 387 τοῦ
973 316 1088 381 σάλου

57 419 114 485 καὶ
142 429 200 504 τῆς
226 420 386 502 κινήσεως
412 428 540 503 κοῦφος
568 421 630 504 ών,
658 419 876 505 ἐμπλακείσης
903 419 992 510 αὐτῷ
1019 431 1077 506 της

58 530 162 611 κόμης
184 533 299 613 τραχεί
320 525 449 614 δένδρφ
473 526 628 610 μεγάλοις
651 524 704 591 ἐπὶ
727 530 813 593 πολὺ
832 528 968 604 κλάδοις
991 527 1077 592 ἐκτε-

58 631 204 722 ταμένφ,
231 632 426 719 παραδόξως
453 631 707 718 άνακρίμναται,
734 631 850 699 καὶτὸ
875 631 936 719 μὲν
958 644 1077 718 κτῆνος

29 737 115 805 δόντ’
142 739 298 823 ὀξύτητος
321 740 366 817 ώς
389 738 597 824 ἐπικείμενον
623 733 683 804 τὸν
713 741 877 824 δεσπότην
901 743 948 806 ἔτι
971 739 1077 826 φέρον

59 844 174 931 ἐχώρει
201 845 414 931 προσωτέρω,
443 847 461 912 ὃ
486 844 516 911 δ’
543 844 579 911 ἐκ
605 857 673 912 τῶν
695 848 828 912 κλάδων
852 849 1076 932 αἰωρούμενος

58 951 225 1038 ἐκρατεῖτο
248 965 319 1029 τοῖς
341 955 521 1036 πολεμίοις.
568 952 677 1036 <240>
700 955 798 1019 τοῦτό
825 977 876 1030 τις
904 955 986 1019 ίδών
1008 965 1076 1019 τῶν

57 1060 213 1123 Δαυίδου
232 1070 442 1145 στρατιωτῶν
463 1058 629 1142 ἐδήλωσεν
643 1056 777 1148 Ἰωάβφ,
799 1059 854 1125 καὶ
872 1062 1076 1144 πεντήκοντα

58 1168 194 1241 σίκλους
221 1164 264 1229 άν
291 1162 379 1252 αὐτῷ
403 1163 583 1230 δεδωκέναι
610 1174 670 1230 τοῦ
699 1175 885 1251 στρατηγοῦ
908 1168 1077 1250 φήσαντος

15 1292 43 1330 ιο
58 1274 89 1336 εί
112 1272 224 1354 βαλὼν
247 1269 416 1336 ἀπέκτεινε
439 1273 499 1336 τὸν
515 1268 754 1356 Ἀβεσάλωμον,
781 1270 866 1338 ὀὐδ’
888 1275 918 1336 εί
935 1272 1075 1356 χιλίους’

58 1373 151 1441 εἶπεν
179 1375 327 1460 “ἔμελλές
354 1401 410 1460 μοι
442 1374 611 1463 παρέξειν,
642 1376 733 1443 τοῦτ’
763 1377 805 1444 διν
838 1377 977 1461 διέθηκά
1010 1402 1075 1461 μου

56 1486 118 1548 τὸν
145 1492 206 1548 τοῦ
234 1484 396 1549 δεσπότου
424 1485 541 1568 παῖδα,
573 1482 629 1549 καλ
661 1482 753 1550 ταῦτ’
784 1484 913 1550 ἐκείνου
940 1485 1075 1549 πάντων

56 1589 152 1674 ήμῶν
176 1589 368 1656 ἀκουόντων
390 1594 572 1674 φείσασθαι
596 1599 656 1656 τοῦ
675 1593 853 1656 νεανίσκου
874 1590 1074 1673 δεηθέντοςῖ

57 1698 168 1780 <241>
191 1696 208 1761 ὃ
233 1693 270 1761 δὲ
288 1698 445 1774 κελεύσας
463 1695 552 1785 αὐτῷ
571 1695 675 1775 δεῖξαι
697 1707 763 1762 ποῦ
781 1698 988 1782 κρεμάμενον
1008 1699 1075 1762 ίδοι

13 1821 41 1862 15
56 1805 117 1869 τὸν
128 1800 368 1887 Ἀβεσάλωμου,
386 1801 542 1881 τοξεύσας
557 1804 639 1867 κατδι
652 1811 711 1886 τῆς
724 1804 862 1888 καρδίας
876 1801 1076 1867 άπέκτεινεν.

57 1911 93 1975 οί
115 1906 152 1975 δὲ
174 1910 214 1974 τά
236 1918 297 1974 τοῦ
317 1907 454 1993 Ἰωάβου
476 1912 666 1993 κομίζοντες
685 1909 780 1990 ὅπλα,
803 1908 1016 1994 περιστάντες
1039 1906 1075 1972 ἐν

55 2015 167 2106 κύκλφ
190 2018 227 2082 τὸ
251 2014 404 2101 δένδρον,
426 2025 617 2080 κατασπῶσι
640 2016 700 2079 τὸν
723 2016 858 2099 νεκρόν,
887 2012 996 2095 <242>
1020 2010 1074 2079 καὶ

56 2127 117 2189 τὸν
141 2119 202 2208 μὲν
225 2126 272 2199 είς
293 2122 402 2206 χάσμα
425 2124 516 2206 βαθύ
543 2119 599 2186 καὶ
622 2116 741 2205 ἀχανὲς
764 2120 920 2205 ῥίψαντες
943 2119 1075 2204 ἐπιβάλ-

57 2236 176 2296 λουσιν
212 2227 301 2318 αὐτῷ
342 2231 476 2311 λίθους,
513 2225 590 2293 ὥστ’
627 2227 911 2313 ἀναπληρωθῆναι
945 2226 1000 2292 καὶ
1036 2229 1073 2293 τὸ

12 2355 42 2394 20
57 2345 167 2420 σχῆμα
189 2336 298 2419 τάφου
321 2332 376 2400 καὶ
400 2334 542 2419 μέγεθος
560 2339 689 2420 λαβεῖν·
713 2335 862 2420 σημήνας
880 2332 910 2399 δ’
933 2334 1074 2417 άνακλη-

56 2445 152 2508 τικὸν
171 2442 188 2508 ὁ
205 2440 337 2526 Ἰώαβος
356 2439 470 2526 ἐπέσχε
488 2450 549 2506 τοῦ
568 2442 701 2507 διώκειν
719 2444 797 2519 τοὺς
815 2444 959 2518 οίκείους
978 2458 1074 2528 στρα-

56 2551 177 2625 τιώτας
207 2548 268 2631 τήν
296 2559 363 2613 τῶν
390 2551 559 2631 πολεμίων
586 2545 745 2631 δύναμιν,
777 2549 975 2631 φειδόμενος
1006 2559 1074 2612 τών

57 2653 248 2740 ὁμοφύλων.

125 2763 234 2846 <243>
248 2764 363 2844 ἔστησε
382 2759 412 2826 δ’
435 2758 661 2844 Ἀβεσάλωμος
680 2756 716 2823 ἐν
730 2766 769 2842 τῇ
783 2757 913 2823 κοιλάδι
927 2766 966 2843 τῇ
981 2761 1074 2841 βασι·
1093 2774 1109 2822 3

13 2885 41 2925 25
57 2876 133 2953 λική
157 2869 281 2951 στήλην
303 2869 406 2932 λίθου
428 2867 650 2952 μαρμαρίνου,
676 2864 736 2929 δύο
755 2864 912 2940 σταδίους
935 2861 1094 2948 άπέχου-”

58 2993 122 3040 σαν
132 2972 381 3061 Ἱεροσολύμων,
399 2972 442 3056 ἣν
454 2973 724 3057 προσηγόρευσεν
740 2972 832 3036 ίδίαν
845 2980 949 3058 χεῖρα,
968 2970 1074 3055 λέγων

57 3083 104 3158 ὡς
126 3079 182 3146 καὶ
204 3092 272 3146 τῶν
294 3078 420 3145 τέκνων
443 3080 532 3166 αὐτῷ
559 3075 819 3164 διαφθαρέντων
842 3077 879 3142 ἐν
905 3087 944 3164 τῇ
973 3079 1074 3163 στήλη

57 3201 153 3274 μενεῖ
174 3188 330 3272 τούνομα.
375 3183 473 3251 τέκνα
496 3186 559 3270 γάρ
582 3179 626 3268 ἦν
648 3184 736 3272 αὐτῷ
759 3186 834 3269 τριά
857 3179 919 3267 μὲν
941 3185 1075 3270 άρρενα,

57 3295 212 3380 θυγάτηρ
241 3290 277 3358 δὲ
305 3296 363 3376 μία
390 3292 529 3378 Θαμάρα
555 3292 716 3375 τούνομα,
747 3291 792 3367 ώς
818 3291 1074 3377 προειρήκαμεν·

16 3402 176 3484 ³0<244>
209 3399 452 3482 συνοικησάσης
490 3397 521 3464 δ’
556 3398 658 3480 αὐτῆς
693 3407 738 3485 τῷ
771 3399 925 3462 Δαυίδου
963 3400 1075 3486 υἱωνῷ

131 3527 217 3586 §239
237 3547 270 3565 =
290 3527 305 3574 ν
325 3521 393 3589 Reg.
413 3520 504 3574 XVIII
519 3526 542 3575 9.
