2400 3840
517 111 668 161 ωοαοαΗ
1058 110 1100 175 85

84 267 145 350 τήν
177 268 296 351 φύσιν,
329 268 374 345 ὡς
406 271 490 351 ἔγνω
523 272 667 335 πεσόντα
699 273 758 336 τὸν
790 269 927 356 βασιλέα
958 270 1013 336 καὶ
1041 274 1101 338 τὸν

81 370 245 454 Ἰωνάθην
262 371 409 452 καὶτοὺς
424 377 485 441 δύο
504 379 582 452 τοὺς
600 378 722 453 ἀλλους
741 377 844 442 αὐτοῦ
862 379 994 460 παῖδας,
1016 377 1101 443 ἐπει-

83 476 178 564 χθεὶς
210 482 257 556 είς
289 482 350 563 τήν
381 484 608 567 παρεμβολήν,
644 481 700 547 καὶ
737 485 796 548 τὸν
827 486 1101 569 περιλειπόμενον

84 584 268 670 ἐξαρπάσας
286 588 363 652 υίὸν
382 587 484 652 αὐτοῦ
501 586 679 672 (Ἰέβοσθος
694 586 725 652 δ’
743 588 903 674 ἐκαλεῖτο)
918 590 1101 674 διαβιβάζει

53 693 167 777 τπρὸς
192 694 271 769 τοὺς
297 691 403 779 πέραν
430 703 490 759 τοῦ
516 692 701 779 Ἰορδάνου,
734 693 789 760 καὶ
818 698 942 772 παντὸς
969 695 1100 760 ἀποδεί-

81 816 182 864 κνυσι
203 809 264 864 τοῦ
287 801 440 883 πλήθους
462 799 613 885 βασιλέα,
640 801 743 887 πάρεξ
770 812 828 886 τῆς
849 801 956 867 Ἰούδα
981 808 1101 886 φυλῆς,

82 906 171 989 <10>
199 909 369 990 βασίλειον
397 905 428 971 δ’
455 906 608 990 ἐποίησεν
636 908 725 994 αὐτῷ
751 909 813 992 τήν
839 911 922 974 κατά
952 905 1013 992 μὲν
1040 909 1101 990 τήν

83 1010 262 1097 ἐπιχώριον
290 1018 440 1094 γλῶτταν
466 1013 642 1097 Μάναλιν,
674 1016 757 1079 κατά
784 1012 822 1079 δὲ
849 1015 911 1098 τήν
934 1013 1101 1097 Ἑλλήνων

83 1120 305 1203 Παρεμβολὰς
323 1118 514 1204 λεγομένην.
552 1121 682 1204 ὥρμησε
706 1119 737 1184 δ’
759 1120 890 1186 ἐκεῖθεν
906 1119 1101 1206 Ἀβέννηρος

41 1248 68 1288 ιο
82 1225 164 1308 μετά
188 1234 342 1310 στρατιᾶς
361 1224 542 1309 ἐπιλέκτου,
567 1230 749 1311 συμβαλεῖν
767 1239 838 1304 τοῖς
861 1227 896 1292 ἐκ
918 1236 977 1310 τῆς
992 1225 1101 1291 Ἰούδα

82 1337 193 1415 φυλῆς
211 1333 487 1417 προαιρούμενος·
512 1334 652 1418 ὤργιστο
672 1334 735 1418 γάρ
755 1332 868 1410 αὐτοῖς
886 1331 1023 1417 βασιλέα
1041 1333 1101 1397 τὸν

80 1439 238 1521 Δαυίδην
269 1442 582 1524 κεχειροτονηκόσιν.
627 1439 715 1522 <11>
748 1431 913 1524 ἀπήντησε
946 1436 977 1503 δ’
1010 1439 1099 1526 αὐτῶ

81 1541 250 1629 πεμφθεὶς
271 1545 337 1609 ὑπὸ
355 1546 510 1610 Δαυίδου
529 1549 701 1631 Σαρουίας
724 1543 785 1630 μὲν
805 1559 892 1630 παῖς,
915 1548 1039 1631 πατρὸς
1063 1541 1100 1609 δὲ

81 1654 208 1736 Σουρί,
237 1649 272 1715 έκ
295 1647 333 1714 δέ
355 1660 413 1733 τῆς
437 1651 583 1736 ἀδελφῆς
605 1661 663 1735 τῆς
687 1651 816 1718 ἐκείνου
839 1654 984 1734 γεγονὼς
1010 1651 1099 1738 αὐτῷ

41 1779 67 1818 ιι
80 1755 223 1842 Ἰώαβος,
247 1757 505 1842 ἀρχιστράτηγος
524 1759 572 1822 ὢν
590 1757 708 1841 αὐτοῦ,
734 1760 814 1842 μετά
837 1756 893 1823 καὶ
916 1770 983 1823 τῶν
1006 1758 1101 1822 ἀδελ-

82 1875 159 1948 φῶν
175 1861 368 1948 Ἀβεσσαίου
386 1861 441 1928 καλ
457 1861 619 1946 Ἀσαήλου
637 1861 691 1928 καλ
709 1864 845 1929 πάντων
862 1875 930 1929 τῶν
944 1864 1100 1927 Δαυίδου

82 1970 238 2036 ὁπλιτῶν.
282 1967 337 2034 καλ
356 1971 543 2055 περιτυχὼν
566 1968 623 2035 έπί
637 1993 729 2047 τινος
746 1971 903 2056 κρηνίδος
925 1968 961 2034 έν
981 1973 1100 2056 Γαβαῶ

82 2078 178 2140 πόλει
204 2077 443 2162 παρατάττεται
470 2079 553 2162 πρὸς
576 2077 692 2161 μάχην.
737 2077 825 2160 <12>
852 2085 913 2141 τοῦ
936 2074 967 2140 δ’
991 2073 1100 2159 Ἀβεν-

82 2183 189 2267 νήρου
208 2183 376 2266 φήσαντος
394 2185 477 2268 πρὸς
496 2182 598 2248 αὐτὸν
617 2189 741 2266 μαθεῖν
759 2183 941 2265 βούλεσθαι
962 2185 1101 2268 πότερος

41 2309 68 2348 νο
83 2287 195 2353 αὐτῶν
214 2287 466 2375 ἀνδρειοτέρους
485 2291 685 2375 στρατιώτας
708 2291 785 2374 ἔχει,
808 2293 1002 2355 συντίθεται
1019 2285 1097 2373 παρ’

82 2393 282 2480 ἀμφοτέρων
310 2397 437 2460 δώδεκα
465 2395 714 2480 μαχησομένους
742 2400 933 2480 συμβαλεῖν.
983 2400 1100 2481 προελ-

82 2503 204 2578 θόντες
226 2505 344 2567 τοίνυν
367 2504 415 2578 είς
436 2503 473 2567 τὸ
498 2501 617 2586 μεταξὺ
640 2514 707 2567 τῶν
730 2501 944 2587 παρατάξεων
967 2504 1002 2567 oc
1017 2504 1101 2586 πρὸς

82 2607 144 2690 τήν
167 2607 275 2692 μάχην
296 2605 357 2691 ὑφ’
384 2605 547 2693 ἑκατέρων
569 2618 637 2672 τῶν
661 2617 853 2693 στρατηγῶν
872 2605 1100 2689 ἐξειλεγμένοι,

81 2709 138 2776 καὶ
164 2714 223 2789 τὰς
255 2714 373 2796 αίχιιάς
406 2711 455 2778 ἐπ’
486 2712 650 2796 ἀλλήλους
678 2710 831 2795 ἀφέντες,
864 2721 1010 2776 σπῶνται
1042 2712 1101 2786 τὰς

40 2838 67 2877 25
83 2822 256 2904 μαχαίρας,
276 2817 331 2884 καλ
350 2831 418 2884 τῶν
435 2825 591 2903 κεφαλῶν
610 2818 892 2903 ἐλλαμβανόμενοι
909 2814 1101 2900 κατέχοντες

82 2925 206 3002 αὑτοὺς
229 2928 346 2990 ἔπαιον
370 2927 417 3002 είς
439 2927 498 3002 τάς
519 2927 664 3011 πλευράς
686 2922 741 2990 καὶ
764 2925 822 3001 τάς
841 2925 985 3006 λαγόνας
1003 2921 1100 3004 ἀλλή-

81 3037 163 3109 λους
180 3043 254 3108 ταῖς
273 3031 463 3118 ῥομφαίαις,
487 3031 549 3107 ἕως
566 3031 687 3107 πάντες
706 3031 814 3117 ὥσπερ
835 3029 869 3095 ἐκ
888 3030 1102 3111 συνθήματος

80 3137 265 3204 ἀπώλοντο.
311 3139 398 3222 <13>
425 3140 596 3204 πεσόντων
624 3135 661 3202 δὲ
688 3139 817 3203 τούτων
845 3133 1023 3221 συνέρρηξε
1046 3130 1100 3197 καλ

79 3243 101 3326 ῆ
126 3244 225 3327 λοιπὴ
250 3245 397 3330 στρατιά,
420 3242 475 3309 καὶ
497 3254 657 3331 καρτερῶς
680 3245 784 3329 μάχης
806 3244 986 3326 γενομένης
1006 3240 1102 3323 ῆττή-

38 3369 65 3408 ιο
79 3356 194 3432 θησαν
223 3350 257 3414 oc
281 3359 341 3414 τοῦ
368 3348 577 3437 Ἀβεννήρου.
623 3347 677 3414 καλ
710 3346 892 3436 τραπέντας
925 3346 985 3413 οὐκ
1015 3347 1105 3411 ἀνίει

155 3475 260 3536 59=
279 3477 295 3526 2
315 3471 384 3540 Reg.
403 3471 429 3524 H
444 3478 468 3527 8.
