<?xml version="1.0" encoding="UTF-8"?>
<!DOCTYPE html PUBLIC "-//W3C//DTD XHTML 1.0 Transitional//EN"
    "http://www.w3.org/TR/xhtml1/DTD/xhtml1-transitional.dtd">
<html xmlns="http://www.w3.org/1999/xhtml" xml:lang="en" lang="en">
 <head>
  <title>
</title>
<meta http-equiv="Content-Type" content="text/html;charset=utf-8" />
  <meta name='ocr-system' content='tesseract 3.04.00' />
  <meta name='ocr-capabilities' content='ocr_page ocr_carea ocr_par ocr_line ocrx_word'/>
</head>
<body>
  <div class='ocr_page' id='page_1' title='image "./operaomniaposti03nabegoog_0100.png"; bbox 0 0 2400 3840; ppageno 0'>
   <div class='ocr_carea' id='block_1_1' title="bbox 132 140 776 204">
    <p class='ocr_par' dir='ltr' id='par_1_1' title="bbox 132 140 776 204">
     <span class='ocr_line' id='line_1_1' title="bbox 132 140 776 204; baseline -0.003 -11"><span class='ocrx_word' id='word_1_1' title='bbox 132 140 175 204; x_wconf 88' lang='grc'><strong><em>48</em></strong></span> <span class='ocrx_word' id='word_1_2' title='bbox 501 141 776 192; x_wconf 80' lang='grc' dir='ltr'>ΑΡΧΑΙΟΛΟΓΙΑΣ</span> 
     </span>
    </p>
   </div>
   <div class='ocr_carea' id='block_1_2' title="bbox 77 298 1199 3562">
    <p class='ocr_par' dir='ltr' id='par_1_2' title="bbox 131 298 1181 1128">
     <span class='ocr_line' id='line_1_2' title="bbox 131 298 1149 385; baseline -0.003 -19"><span class='ocrx_word' id='word_1_3' title='bbox 131 325 208 385; x_wconf 91' lang='grc' dir='ltr'><strong><em>ματι</em></strong></span> <span class='ocrx_word' id='word_1_4' title='bbox 231 311 291 366; x_wconf 88' lang='grc' dir='ltr'><strong><em>τοῦ</em></strong></span> <span class='ocrx_word' id='word_1_5' title='bbox 314 301 438 384; x_wconf 84' lang='grc' dir='ltr'><strong><em>ήπατος</em></strong></span> <span class='ocrx_word' id='word_1_6' title='bbox 461 303 635 366; x_wconf 78' lang='grc' dir='ltr'><strong><em>σαλεύοντι</em></strong></span> <span class='ocrx_word' id='word_1_7' title='bbox 658 302 720 384; x_wconf 81' lang='grc' dir='ltr'><strong><em>τήν</em></strong></span> <span class='ocrx_word' id='word_1_8' title='bbox 741 300 899 385; x_wconf 82' lang='grc' dir='ltr'><strong><em>ἐπιβολὴν</em></strong></span> <span class='ocrx_word' id='word_1_9' title='bbox 918 298 1149 383; x_wconf 78' lang='grc' dir='ltr'><strong><em>πιστωσαμένη</em></strong></span> 
     </span>
     <span class='ocr_line' id='line_1_3' title="bbox 131 406 1151 492; baseline -0.002 -21"><span class='ocrx_word' id='word_1_10' title='bbox 131 410 169 473; x_wconf 84' lang='grc' dir='ltr'><strong><em>τὸ</em></strong></span> <span class='ocrx_word' id='word_1_11' title='bbox 183 412 419 492; x_wconf 83' lang='grc' dir='ltr'><strong><em>κατακείμενον</em></strong></span> <span class='ocrx_word' id='word_1_12' title='bbox 432 410 492 474; x_wconf 92' lang='grc' dir='ltr'><strong><em>τὸυ</em></strong></span> <span class='ocrx_word' id='word_1_13' title='bbox 505 409 660 489; x_wconf 76' lang='grc' dir='ltr'><strong><em>Δαυίδην</em></strong></span> <span class='ocrx_word' id='word_1_14' title='bbox 679 408 888 491; x_wconf 75' lang='grc' dir='ltr'><strong><em>ἀσθμαίνειν.</em></strong></span> <span class='ocrx_word' id='word_1_15' title='bbox 923 408 1032 490; x_wconf 77' lang='lat'>&lt;218&gt;</span> <span class='ocrx_word' id='word_1_16' title='bbox 1047 406 1151 487; x_wconf 91' lang='grc' dir='ltr'><strong><em>ἀπαγ-</em></strong></span> 
     </span>
     <span class='ocr_line' id='line_1_4' title="bbox 132 510 1153 598; baseline -0.002 -20"><span class='ocrx_word' id='word_1_17' title='bbox 132 515 316 597; x_wconf 84' lang='grc' dir='ltr'><strong><em>γειλάντων</em></strong></span> <span class='ocrx_word' id='word_1_18' title='bbox 344 510 381 579; x_wconf 73' lang='grc' dir='ltr'><strong><em>δέ</em></strong></span> <span class='ocrx_word' id='word_1_19' title='bbox 407 526 474 580; x_wconf 82' lang='grc' dir='ltr'><strong><em>τῶν</em></strong></span> <span class='ocrx_word' id='word_1_20' title='bbox 503 513 727 598; x_wconf 79' lang='grc' dir='ltr'><strong><em>πεμφθέντων</em></strong></span> <span class='ocrx_word' id='word_1_21' title='bbox 760 515 810 578; x_wconf 84' lang='grc' dir='ltr'><strong><em>ὅτι</em></strong></span> <span class='ocrx_word' id='word_1_22' title='bbox 842 513 972 595; x_wconf 89' lang='grc' dir='ltr'><strong><em>γένοιτο</em></strong></span> <span class='ocrx_word' id='word_1_23' title='bbox 1005 514 1060 576; x_wconf 87' lang='grc' dir='ltr'><strong><em>διά</em></strong></span> <span class='ocrx_word' id='word_1_24' title='bbox 1093 523 1153 595; x_wconf 79' lang='grc' dir='ltr'><strong><em>τῆς</em></strong></span> 
     </span>
     <span class='ocr_line' id='line_1_5' title="bbox 132 618 1154 704; baseline -0.004 -18"><span class='ocrx_word' id='word_1_25' title='bbox 132 623 252 697; x_wconf 88' lang='grc' dir='ltr'><strong><em>νυκτὸς</em></strong></span> <span class='ocrx_word' id='word_1_26' title='bbox 284 619 537 704; x_wconf 82' lang='grc' dir='ltr'><strong><em>ἀσθενέστερος,</em></strong></span> <span class='ocrx_word' id='word_1_27' title='bbox 571 618 742 685; x_wconf 86' lang='grc' dir='ltr'><strong><em>ἐκέλευσεν</em></strong></span> <span class='ocrx_word' id='word_1_28' title='bbox 774 619 880 694; x_wconf 82' lang='grc' dir='ltr'><strong><em>οὕτως</em></strong></span> <span class='ocrx_word' id='word_1_29' title='bbox 912 621 1027 702; x_wconf 82' lang='grc' dir='ltr'><strong><em>ἔχοντα</em></strong></span> <span class='ocrx_word' id='word_1_30' title='bbox 1059 642 1154 702; x_wconf 85' lang='grc' dir='ltr'><strong><em>κομι-</em></strong></span> 
     </span>
     <span class='ocr_line' id='line_1_6' title="bbox 134 722 1181 810; baseline -0.006 -18"><span class='ocrx_word' id='word_1_31' title='bbox 134 734 271 810; x_wconf 84' lang='grc' dir='ltr'><strong><em>σθήναι·</em></strong></span> <span class='ocrx_word' id='word_1_32' title='bbox 304 727 487 809; x_wconf 83' lang='grc' dir='ltr'><strong><em>βούλεσθαι</em></strong></span> <span class='ocrx_word' id='word_1_33' title='bbox 515 726 578 809; x_wconf 89' lang='grc' dir='ltr'><strong><em>γάρ</em></strong></span> <span class='ocrx_word' id='word_1_34' title='bbox 607 726 710 790; x_wconf 86' lang='grc' dir='ltr'><strong><em>αὐτὸν</em></strong></span> <span class='ocrx_word' id='word_1_35' title='bbox 740 725 880 790; x_wconf 80' lang='grc' dir='ltr'><strong><em>ἀνελεῖν.</em></strong></span> <span class='ocrx_word' id='word_1_36' title='bbox 931 723 1087 799; x_wconf 75' lang='grc' dir='ltr'><strong><em>ἐλθόντες</em></strong></span> <span class='ocrx_word' id='word_1_37' title='bbox 1116 722 1181 789; x_wconf 74' lang='grc' dir='ltr'><strong><em>δὲε</em></strong></span> 
     </span>
     <span class='ocr_line' id='line_1_7' title="bbox 132 829 1153 914; baseline -0.002 -17"><span class='ocrx_word' id='word_1_38' title='bbox 132 831 188 897; x_wconf 82' lang='grc' dir='ltr'><strong><em>καὶ</em></strong></span> <span class='ocrx_word' id='word_1_39' title='bbox 211 832 482 909; x_wconf 77' lang='grc' dir='ltr'><strong><em>ἀνακαλύψαντες</em></strong></span> <span class='ocrx_word' id='word_1_40' title='bbox 499 832 561 912; x_wconf 80' lang='grc' dir='ltr'><strong><em>τήν</em></strong></span> <span class='ocrx_word' id='word_1_41' title='bbox 579 835 698 914; x_wconf 82' lang='grc' dir='ltr'><strong><em>κλίνην</em></strong></span> <span class='ocrx_word' id='word_1_42' title='bbox 720 829 775 895; x_wconf 81' lang='grc' dir='ltr'><strong><em>καλ</em></strong></span> <span class='ocrx_word' id='word_1_43' title='bbox 795 833 832 895; x_wconf 91' lang='grc' dir='ltr'><strong><em>τὸ</em></strong></span> <span class='ocrx_word' id='word_1_44' title='bbox 852 834 999 914; x_wconf 84' lang='grc' dir='ltr'><strong><em>σόφισμα</em></strong></span> <span class='ocrx_word' id='word_1_45' title='bbox 1017 840 1075 912; x_wconf 80' lang='grc' dir='ltr'><strong><em>τῆς</em></strong></span> <span class='ocrx_word' id='word_1_46' title='bbox 1094 856 1153 912; x_wconf 96' lang='grc' dir='ltr'><strong><em>γυ-</em></strong></span> 
     </span>
     <span class='ocr_line' id='line_1_8' title="bbox 133 937 1154 1024; baseline -0.002 -21"><span class='ocrx_word' id='word_1_47' title='bbox 133 940 248 1014; x_wconf 88' lang='grc' dir='ltr'><strong><em>ναικὸς</em></strong></span> <span class='ocrx_word' id='word_1_48' title='bbox 272 938 425 1022; x_wconf 81' lang='grc' dir='ltr'><strong><em>εὑρόντες</em></strong></span> <span class='ocrx_word' id='word_1_49' title='bbox 453 937 657 1019; x_wconf 86' lang='grc' dir='ltr'><strong><em>ἀπήγγειλαν</em></strong></span> <span class='ocrx_word' id='word_1_50' title='bbox 684 947 729 1024; x_wconf 76' lang='grc' dir='ltr'><strong><em>τῷ</em></strong></span> <span class='ocrx_word' id='word_1_51' title='bbox 757 939 895 1020; x_wconf 87' lang='grc' dir='ltr'><strong><em>βασιλεῖ.</em></strong></span> <span class='ocrx_word' id='word_1_52' title='bbox 941 938 1048 1018; x_wconf 76' lang='lat'>(219)</span> <span class='ocrx_word' id='word_1_53' title='bbox 1073 961 1154 1020; x_wconf 90' lang='grc' dir='ltr'><strong><em>μεμ-</em></strong></span> 
     </span>
     <span class='ocr_line' id='line_1_9' title="bbox 134 1038 1155 1128; baseline 0 -19"><span class='ocrx_word' id='word_1_54' title='bbox 134 1043 284 1128; x_wconf 86' lang='grc' dir='ltr'><strong><em>φομένου</em></strong></span> <span class='ocrx_word' id='word_1_55' title='bbox 304 1040 341 1108; x_wconf 73' lang='grc' dir='ltr'><strong><em>δὲ</em></strong></span> <span class='ocrx_word' id='word_1_56' title='bbox 355 1052 415 1109; x_wconf 86' lang='grc' dir='ltr'><strong><em>τοῦ</em></strong></span> <span class='ocrx_word' id='word_1_57' title='bbox 429 1045 553 1126; x_wconf 91' lang='grc' dir='ltr'><strong><em>πατρὸς</em></strong></span> <span class='ocrx_word' id='word_1_58' title='bbox 566 1043 671 1124; x_wconf 77' lang='grc' dir='ltr'><strong><em>αὐτὴν</em></strong></span> <span class='ocrx_word' id='word_1_59' title='bbox 686 1043 736 1107; x_wconf 84' lang='grc' dir='ltr'><strong><em>ὅτι</em></strong></span> <span class='ocrx_word' id='word_1_60' title='bbox 751 1044 867 1107; x_wconf 82' lang='grc' dir='ltr'><strong><em>σώσειε</em></strong></span> <span class='ocrx_word' id='word_1_61' title='bbox 881 1038 942 1126; x_wconf 72' lang='grc' dir='ltr'><strong><em>μὲν</em></strong></span> <span class='ocrx_word' id='word_1_62' title='bbox 955 1045 1014 1107; x_wconf 92' lang='grc' dir='ltr'><strong><em>τὸν</em></strong></span> <span class='ocrx_word' id='word_1_63' title='bbox 1029 1041 1155 1127; x_wconf 84' lang='grc' dir='ltr'><strong><em>ἐχθρὸν</em></strong></span> 
     </span>
    </p>

    <p class='ocr_par' dir='ltr' id='par_1_3' title="bbox 77 1147 1198 2717">
     <span class='ocr_line' id='line_1_10' title="bbox 77 1147 1154 1233; baseline 0.006 -25"><span class='ocrx_word' id='word_1_64' title='bbox 77 1203 80 1208; x_wconf 92' lang='grc'><strong><em>.</em></strong></span> <span class='ocrx_word' id='word_1_65' title='bbox 134 1149 237 1214; x_wconf 82' lang='grc' dir='ltr'><strong><em>αὐτοῦ</em></strong></span> <span class='ocrx_word' id='word_1_66' title='bbox 264 1154 523 1233; x_wconf 83' lang='grc' dir='ltr'><strong><em>κατασοφίσαιτο</em></strong></span> <span class='ocrx_word' id='word_1_67' title='bbox 552 1147 583 1212; x_wconf 91' lang='grc' dir='ltr'><strong><em>δ’</em></strong></span> <span class='ocrx_word' id='word_1_68' title='bbox 613 1149 730 1231; x_wconf 80' lang='grc' dir='ltr'><strong><em>αὐτόν,</em></strong></span> <span class='ocrx_word' id='word_1_69' title='bbox 764 1148 946 1230; x_wconf 90' lang='grc' dir='ltr'><strong><em>ἀπολογίαν</em></strong></span> <span class='ocrx_word' id='word_1_70' title='bbox 979 1150 1154 1231; x_wconf 79' lang='grc' dir='ltr'><strong><em>σκήπτεται</em></strong></span> 
     </span>
     <span class='ocr_line' id='line_1_11' title="bbox 133 1239 1196 1339; baseline -0.002 -20"><span class='ocrx_word' id='word_1_71' title='bbox 133 1256 292 1337; x_wconf 88' lang='grc' dir='ltr'><strong><em>πιθανήν.</em></strong></span> <span class='ocrx_word' id='word_1_72' title='bbox 343 1239 565 1337; x_wconf 79' lang='grc' dir='ltr'><strong><em>ἀπειλήσαντα</em></strong></span> <span class='ocrx_word' id='word_1_73' title='bbox 597 1256 660 1339; x_wconf 87' lang='grc' dir='ltr'><strong><em>γάρ</em></strong></span> <span class='ocrx_word' id='word_1_74' title='bbox 694 1255 799 1337; x_wconf 82' lang='grc' dir='ltr'><strong><em>αὐτὴν</em></strong></span> <span class='ocrx_word' id='word_1_75' title='bbox 830 1255 1023 1320; x_wconf 82' lang='grc' dir='ltr'><strong><em>ἀποκτενεῖν</em></strong></span> <span class='ocrx_word' id='word_1_76' title='bbox 1051 1258 1154 1338; x_wconf 81' lang='grc' dir='ltr'><strong><em>ἔφησε</em></strong></span> <span class='ocrx_word' id='word_1_77' title='bbox 1171 1279 1196 1317; x_wconf 85' lang='grc' dir='ltr'><strong><em>ω</em></strong></span> 
     </span>
     <span class='ocr_line' id='line_1_12' title="bbox 134 1360 1154 1445; baseline 0 -21"><span class='ocrx_word' id='word_1_78' title='bbox 134 1372 248 1444; x_wconf 81' lang='grc' dir='ltr'><strong><em>τυχεῖν</em></strong></span> <span class='ocrx_word' id='word_1_79' title='bbox 275 1360 311 1425; x_wconf 80' lang='grc' dir='ltr'><strong><em>ἐκ</em></strong></span> <span class='ocrx_word' id='word_1_80' title='bbox 333 1371 393 1426; x_wconf 88' lang='grc' dir='ltr'><strong><em>τοῦ</em></strong></span> <span class='ocrx_word' id='word_1_81' title='bbox 417 1361 515 1437; x_wconf 90' lang='grc' dir='ltr'><strong><em>δέους</em></strong></span> <span class='ocrx_word' id='word_1_82' title='bbox 536 1370 595 1444; x_wconf 86' lang='grc' dir='ltr'><strong><em>τής</em></strong></span> <span class='ocrx_word' id='word_1_83' title='bbox 616 1362 699 1445; x_wconf 88' lang='grc' dir='ltr'><strong><em>πρὸς</em></strong></span> <span class='ocrx_word' id='word_1_84' title='bbox 726 1362 763 1425; x_wconf 89' lang='grc' dir='ltr'><strong><em>τὸ</em></strong></span> <span class='ocrx_word' id='word_1_85' title='bbox 788 1367 940 1443; x_wconf 74' lang='grc' dir='ltr'><strong><em>σωθῆναι</em></strong></span> <span class='ocrx_word' id='word_1_86' title='bbox 964 1364 1154 1445; x_wconf 75' lang='grc' dir='ltr'><strong><em>συνεργίας·</em></strong></span> 
     </span>
     <span class='ocr_line' id='line_1_13' title="bbox 134 1461 1156 1551; baseline 0.001 -20"><span class='ocrx_word' id='word_1_87' title='bbox 134 1462 218 1550; x_wconf 71' lang='grc' dir='ltr'><strong><em>ὑπὲρ</em></strong></span> <span class='ocrx_word' id='word_1_88' title='bbox 246 1461 285 1549; x_wconf 77' lang='grc' dir='ltr'><strong><em>ἧς</em></strong></span> <span class='ocrx_word' id='word_1_89' title='bbox 312 1479 503 1550; x_wconf 83' lang='grc' dir='ltr'><strong><em>συγγνῶναι</em></strong></span> <span class='ocrx_word' id='word_1_90' title='bbox 531 1471 639 1542; x_wconf 81' lang='grc' dir='ltr'><strong><em>καλῶς</em></strong></span> <span class='ocrx_word' id='word_1_91' title='bbox 667 1469 754 1550; x_wconf 83' lang='grc' dir='ltr'><strong><em>ἔχειν</em></strong></span> <span class='ocrx_word' id='word_1_92' title='bbox 782 1467 879 1551; x_wconf 77' lang='grc' dir='ltr'><strong><em>αὐτή,</em></strong></span> <span class='ocrx_word' id='word_1_93' title='bbox 907 1464 978 1530; x_wconf 84' lang='grc' dir='ltr'><strong><em>κατ’</em></strong></span> <span class='ocrx_word' id='word_1_94' title='bbox 1006 1467 1156 1549; x_wconf 87' lang='grc' dir='ltr'><strong><em>ἀνάγκην</em></strong></span> 
     </span>
     <span class='ocr_line' id='line_1_14' title="bbox 135 1571 1155 1658; baseline 0 -22"><span class='ocrx_word' id='word_1_95' title='bbox 135 1571 218 1638; x_wconf 90' lang='grc' dir='ltr'><strong><em>ἀλλά</em></strong></span> <span class='ocrx_word' id='word_1_96' title='bbox 246 1573 290 1656; x_wconf 81' lang='grc' dir='ltr'><strong><em>μὴ</em></strong></span> <span class='ocrx_word' id='word_1_97' title='bbox 317 1574 400 1637; x_wconf 84' lang='grc' dir='ltr'><strong><em>κατά</em></strong></span> <span class='ocrx_word' id='word_1_98' title='bbox 426 1577 623 1658; x_wconf 86' lang='grc' dir='ltr'><strong><em>προαίρεσιν</em></strong></span> <span class='ocrx_word' id='word_1_99' title='bbox 645 1573 838 1657; x_wconf 87' lang='grc' dir='ltr'><strong><em>γενομένης·</em></strong></span> <span class='ocrx_word' id='word_1_100' title='bbox 868 1573 919 1638; x_wconf 63' lang='grc' dir='ltr'><strong><em>“ού</em></strong></span> <span class='ocrx_word' id='word_1_101' title='bbox 947 1575 1009 1657; x_wconf 86' lang='grc' dir='ltr'><strong><em>γὰρ</em></strong></span> <span class='ocrx_word' id='word_1_102' title='bbox 1037 1573 1155 1649; x_wconf 79' lang='grc' dir='ltr'><strong><em>οὕτως’</em></strong></span> 
     </span>
     <span class='ocr_line' id='line_1_15' title="bbox 135 1674 1156 1762; baseline 0.002 -20"><span class='ocrx_word' id='word_1_103' title='bbox 135 1680 262 1761; x_wconf 82' lang='grc' dir='ltr'><strong><em>ἔλεγεν,</em></strong></span> <span class='ocrx_word' id='word_1_104' title='bbox 287 1674 404 1762; x_wconf 68' lang='grc' dir='ltr'><strong><em>“οίμαι,</em></strong></span> <span class='ocrx_word' id='word_1_105' title='bbox 430 1681 491 1744; x_wconf 89' lang='grc' dir='ltr'><strong><em>τὸν</em></strong></span> <span class='ocrx_word' id='word_1_106' title='bbox 514 1678 639 1762; x_wconf 84' lang='grc' dir='ltr'><strong><em>ἐχθρὸν</em></strong></span> <span class='ocrx_word' id='word_1_107' title='bbox 667 1678 787 1761; x_wconf 81' lang='grc' dir='ltr'><strong><em>ἐζήτεις</em></strong></span> <span class='ocrx_word' id='word_1_108' title='bbox 814 1679 1005 1744; x_wconf 87' lang='grc' dir='ltr'><strong><em>ἀποκτεῖναι</em></strong></span> <span class='ocrx_word' id='word_1_109' title='bbox 1030 1680 1074 1756; x_wconf 84' lang='grc' dir='ltr'><strong><em>ὡς</em></strong></span> <span class='ocrx_word' id='word_1_110' title='bbox 1099 1677 1156 1762; x_wconf 77' lang='grc' dir='ltr'><strong><em>ἐμὲ</em></strong></span> 
     </span>
     <span class='ocr_line' id='line_1_16' title="bbox 135 1781 1197 1870; baseline -0.001 -21"><span class='ocrx_word' id='word_1_111' title='bbox 135 1785 323 1863; x_wconf 80' lang='grc' dir='ltr'><strong><em>σώζεσθαι.’</em></strong></span> <span class='ocrx_word' id='word_1_112' title='bbox 371 1783 427 1850; x_wconf 81' lang='grc' dir='ltr'><strong><em>καὶ</em></strong></span> <span class='ocrx_word' id='word_1_113' title='bbox 459 1786 678 1869; x_wconf 79' lang='grc' dir='ltr'><strong><em>συγγινώσκει</em></strong></span> <span class='ocrx_word' id='word_1_114' title='bbox 710 1781 772 1868; x_wconf 72' lang='grc' dir='ltr'><strong><em>μὲν</em></strong></span> <span class='ocrx_word' id='word_1_115' title='bbox 804 1795 843 1870; x_wconf 74' lang='grc' dir='ltr'><strong><em>τῇ</em></strong></span> <span class='ocrx_word' id='word_1_116' title='bbox 875 1788 958 1870; x_wconf 85' lang='grc' dir='ltr'><strong><em>κόρη</em></strong></span> <span class='ocrx_word' id='word_1_117' title='bbox 990 1786 1155 1862; x_wconf 82' lang='grc' dir='ltr'><strong><em>Σάουλος.</em></strong></span> <span class='ocrx_word' id='word_1_118' title='bbox 1172 1809 1197 1847; x_wconf 85' lang='lat'><strong><em>15</em></strong></span> 
     </span>
     <span class='ocr_line' id='line_1_17' title="bbox 136 1886 1157 1977; baseline 0.004 -23"><span class='ocrx_word' id='word_1_119' title='bbox 136 1892 246 1975; x_wconf 78' lang='lat'>&lt;220&gt;</span> <span class='ocrx_word' id='word_1_120' title='bbox 269 1892 287 1958; x_wconf 89' lang='grc' dir='ltr'><strong><em>δ</em></strong></span> <span class='ocrx_word' id='word_1_121' title='bbox 312 1888 349 1956; x_wconf 73' lang='grc' dir='ltr'><strong><em>δὲ</em></strong></span> <span class='ocrx_word' id='word_1_122' title='bbox 372 1893 524 1974; x_wconf 76' lang='grc' dir='ltr'><strong><em>Δαυίδης</em></strong></span> <span class='ocrx_word' id='word_1_123' title='bbox 547 1890 703 1976; x_wconf 84' lang='grc' dir='ltr'><strong><em>ἐκφυγὼν</em></strong></span> <span class='ocrx_word' id='word_1_124' title='bbox 725 1893 784 1956; x_wconf 89' lang='grc' dir='ltr'><strong><em>τὸν</em></strong></span> <span class='ocrx_word' id='word_1_125' title='bbox 807 1892 969 1955; x_wconf 88' lang='grc' dir='ltr'><strong><em>κίνδυνον</em></strong></span> <span class='ocrx_word' id='word_1_126' title='bbox 991 1886 1049 1973; x_wconf 80' lang='grc' dir='ltr'><strong><em>ήκε</em></strong></span> <span class='ocrx_word' id='word_1_127' title='bbox 1072 1896 1157 1977; x_wconf 91' lang='grc' dir='ltr'><strong><em>πρὸς</em></strong></span> 
     </span>
     <span class='ocr_line' id='line_1_18' title="bbox 134 1997 1156 2083; baseline 0.001 -22"><span class='ocrx_word' id='word_1_128' title='bbox 134 1999 194 2062; x_wconf 91' lang='grc' dir='ltr'><strong><em>τὸν</em></strong></span> <span class='ocrx_word' id='word_1_129' title='bbox 216 1999 392 2083; x_wconf 82' lang='grc' dir='ltr'><strong><em>προφήτην</em></strong></span> <span class='ocrx_word' id='word_1_130' title='bbox 415 1999 617 2081; x_wconf 91' lang='grc' dir='ltr'><strong><em>Σαμούηλον</em></strong></span> <span class='ocrx_word' id='word_1_131' title='bbox 640 2001 688 2075; x_wconf 91' lang='grc' dir='ltr'><strong><em>είς</em></strong></span> <span class='ocrx_word' id='word_1_132' title='bbox 709 1997 895 2082; x_wconf 81' lang='grc' dir='ltr'><strong><em>Ἀρμαθάν,</em></strong></span> <span class='ocrx_word' id='word_1_133' title='bbox 923 1997 978 2063; x_wconf 81' lang='grc' dir='ltr'><strong><em>καὶ</em></strong></span> <span class='ocrx_word' id='word_1_134' title='bbox 1002 1999 1063 2080; x_wconf 79' lang='grc' dir='ltr'><strong><em>τήν</em></strong></span> <span class='ocrx_word' id='word_1_135' title='bbox 1087 1998 1156 2063; x_wconf 86' lang='grc' dir='ltr'><strong><em>ε’πι-</em></strong></span> 
     </span>
     <span class='ocr_line' id='line_1_19' title="bbox 135 2102 1156 2190; baseline 0.004 -25"><span class='ocrx_word' id='word_1_136' title='bbox 135 2102 262 2185; x_wconf 80' lang='grc' dir='ltr'><strong><em>βουλὴν</em></strong></span> <span class='ocrx_word' id='word_1_137' title='bbox 286 2103 374 2188; x_wconf 77' lang='grc' dir='ltr'><strong><em>αὐτῷ</em></strong></span> <span class='ocrx_word' id='word_1_138' title='bbox 397 2103 459 2184; x_wconf 80' lang='grc' dir='ltr'><strong><em>τὴν</em></strong></span> <span class='ocrx_word' id='word_1_139' title='bbox 481 2113 542 2169; x_wconf 90' lang='grc' dir='ltr'><strong><em>τοῦ</em></strong></span> <span class='ocrx_word' id='word_1_140' title='bbox 561 2103 722 2187; x_wconf 85' lang='grc' dir='ltr'><strong><em>βασιλέως</em></strong></span> <span class='ocrx_word' id='word_1_141' title='bbox 743 2103 897 2186; x_wconf 78' lang='grc' dir='ltr'><strong><em>ἐδήλωσε,</em></strong></span> <span class='ocrx_word' id='word_1_142' title='bbox 920 2102 975 2168; x_wconf 83' lang='grc' dir='ltr'><strong><em>καὶ</em></strong></span> <span class='ocrx_word' id='word_1_143' title='bbox 1000 2105 1044 2180; x_wconf 86' lang='grc' dir='ltr'><strong><em>ὡς</em></strong></span> <span class='ocrx_word' id='word_1_144' title='bbox 1066 2108 1156 2190; x_wconf 82' lang='grc' dir='ltr'><strong><em>παρὰ</em></strong></span> 
     </span>
     <span class='ocr_line' id='line_1_20' title="bbox 136 2204 1154 2295; baseline 0.007 -27"><span class='ocrx_word' id='word_1_145' title='bbox 136 2207 255 2290; x_wconf 89' lang='grc' dir='ltr'><strong><em>μικρὸν</em></strong></span> <span class='ocrx_word' id='word_1_146' title='bbox 282 2204 338 2270; x_wconf 84' lang='grc' dir='ltr'><strong><em>ὑπ’</em></strong></span> <span class='ocrx_word' id='word_1_147' title='bbox 365 2208 468 2272; x_wconf 87' lang='grc' dir='ltr'><strong><em>αὐτοῦ</em></strong></span> <span class='ocrx_word' id='word_1_148' title='bbox 496 2218 541 2295; x_wconf 73' lang='grc' dir='ltr'><strong><em>τῷ</em></strong></span> <span class='ocrx_word' id='word_1_149' title='bbox 565 2210 680 2293; x_wconf 92' lang='grc' dir='ltr'><strong><em>δόρατι</em></strong></span> <span class='ocrx_word' id='word_1_150' title='bbox 706 2206 845 2293; x_wconf 76' lang='grc' dir='ltr'><strong><em>βληθείς</em></strong></span> <span class='ocrx_word' id='word_1_151' title='bbox 867 2209 1049 2292; x_wconf 83' lang='grc' dir='ltr'><strong><em>ἀποθάυοι,</em></strong></span> <span class='ocrx_word' id='word_1_152' title='bbox 1078 2211 1154 2294; x_wconf 90' lang='grc' dir='ltr'><strong><em>μήτ’</em></strong></span> 
     </span>
     <span class='ocr_line' id='line_1_21' title="bbox 137 2309 1198 2401; baseline 0.002 -27"><span class='ocrx_word' id='word_1_153' title='bbox 137 2309 173 2375; x_wconf 85' lang='grc' dir='ltr'><strong><em>έν</em></strong></span> <span class='ocrx_word' id='word_1_154' title='bbox 195 2322 265 2388; x_wconf 85' lang='grc' dir='ltr'><strong><em>τοῖς</em></strong></span> <span class='ocrx_word' id='word_1_155' title='bbox 287 2313 370 2396; x_wconf 88' lang='grc' dir='ltr'><strong><em>πρὸς</em></strong></span> <span class='ocrx_word' id='word_1_156' title='bbox 393 2313 496 2377; x_wconf 86' lang='grc' dir='ltr'><strong><em>αὐτὸν</em></strong></span> <span class='ocrx_word' id='word_1_157' title='bbox 517 2315 618 2390; x_wconf 89' lang='grc' dir='ltr'><strong><em>κακὸς</em></strong></span> <span class='ocrx_word' id='word_1_158' title='bbox 635 2316 813 2397; x_wconf 89' lang='grc' dir='ltr'><strong><em>γενόμενος</em></strong></span> <span class='ocrx_word' id='word_1_159' title='bbox 832 2313 905 2398; x_wconf 87' lang='grc' dir='ltr'><strong><em>μήτ’</em></strong></span> <span class='ocrx_word' id='word_1_160' title='bbox 929 2315 965 2380; x_wconf 86' lang='grc' dir='ltr'><strong><em>ἐν</em></strong></span> <span class='ocrx_word' id='word_1_161' title='bbox 983 2329 1053 2392; x_wconf 91' lang='grc' dir='ltr'><strong><em>τοῖς</em></strong></span> <span class='ocrx_word' id='word_1_162' title='bbox 1072 2320 1158 2401; x_wconf 85' lang='grc' dir='ltr'><strong><em>πρὸς</em></strong></span> <span class='ocrx_word' id='word_1_163' title='bbox 1172 2338 1198 2376; x_wconf 77' lang='grc' dir='ltr'><strong><em>εο</em></strong></span> 
     </span>
     <span class='ocr_line' id='line_1_22' title="bbox 135 2417 1157 2506; baseline 0.008 -26"><span class='ocrx_word' id='word_1_164' title='bbox 135 2419 214 2492; x_wconf 87' lang='grc' dir='ltr'><strong><em>τοὺς</em></strong></span> <span class='ocrx_word' id='word_1_165' title='bbox 236 2420 416 2500; x_wconf 86' lang='grc' dir='ltr'><strong><em>πολεμίους</em></strong></span> <span class='ocrx_word' id='word_1_166' title='bbox 438 2417 565 2499; x_wconf 81' lang='grc' dir='ltr'><strong><em>ἀγῶσιν</em></strong></span> <span class='ocrx_word' id='word_1_167' title='bbox 587 2420 767 2506; x_wconf 76' lang='grc' dir='ltr'><strong><em>ἄνανδρος,</em></strong></span> <span class='ocrx_word' id='word_1_168' title='bbox 791 2418 863 2486; x_wconf 87' lang='grc' dir='ltr'><strong><em>ἀλλ’</em></strong></span> <span class='ocrx_word' id='word_1_169' title='bbox 891 2419 926 2485; x_wconf 85' lang='grc' dir='ltr'><strong><em>έν</em></strong></span> <span class='ocrx_word' id='word_1_170' title='bbox 951 2423 1051 2486; x_wconf 88' lang='grc' dir='ltr'><strong><em>ἀπασι</em></strong></span> <span class='ocrx_word' id='word_1_171' title='bbox 1075 2426 1157 2506; x_wconf 90' lang='grc' dir='ltr'><strong><em>μετά</em></strong></span> 
     </span>
     <span class='ocr_line' id='line_1_23' title="bbox 136 2521 1156 2618; baseline 0.006 -30"><span class='ocrx_word' id='word_1_172' title='bbox 136 2533 196 2588; x_wconf 84' lang='grc' dir='ltr'><strong><em>τοῦ</em></strong></span> <span class='ocrx_word' id='word_1_173' title='bbox 223 2530 308 2589; x_wconf 89' lang='grc' dir='ltr'><strong><em>θεοῦ</em></strong></span> <span class='ocrx_word' id='word_1_174' title='bbox 336 2521 391 2587; x_wconf 82' lang='grc' dir='ltr'><strong><em>καὶ</em></strong></span> <span class='ocrx_word' id='word_1_175' title='bbox 416 2522 578 2610; x_wconf 81' lang='grc' dir='ltr'><strong><em>ἐπιτυχής.</em></strong></span> <span class='ocrx_word' id='word_1_176' title='bbox 624 2535 723 2592; x_wconf 84' lang='grc' dir='ltr'><strong><em>τοῦτο</em></strong></span> <span class='ocrx_word' id='word_1_177' title='bbox 751 2524 782 2590; x_wconf 88' lang='grc' dir='ltr'><strong><em>δ’</em></strong></span> <span class='ocrx_word' id='word_1_178' title='bbox 808 2521 851 2609; x_wconf 88' lang='grc' dir='ltr'><strong><em>ήν</em></strong></span> <span class='ocrx_word' id='word_1_179' title='bbox 880 2532 989 2592; x_wconf 88' lang='grc' dir='ltr'><strong><em>αίτιον</em></strong></span> <span class='ocrx_word' id='word_1_180' title='bbox 1012 2531 1156 2618; x_wconf 78' lang='grc' dir='ltr'><strong><em>Σαούλῳ</em></strong></span> 
     </span>
     <span class='ocr_line' id='line_1_24' title="bbox 137 2631 689 2717; baseline 0.002 -21"><span class='ocrx_word' id='word_1_181' title='bbox 137 2640 195 2714; x_wconf 80' lang='grc' dir='ltr'><strong><em>τῆς</em></strong></span> <span class='ocrx_word' id='word_1_182' title='bbox 217 2632 301 2717; x_wconf 89' lang='grc' dir='ltr'><strong><em>πρὸς</em></strong></span> <span class='ocrx_word' id='word_1_183' title='bbox 323 2632 479 2713; x_wconf 87' lang='grc' dir='ltr'><strong><em>Δαυίδην</em></strong></span> <span class='ocrx_word' id='word_1_184' title='bbox 501 2631 689 2717; x_wconf 86' lang='grc' dir='ltr'><strong><em>ἀπεχθείας.</em></strong></span> 
     </span>
    </p>

    <p class='ocr_par' dir='ltr' id='par_1_4' title="bbox 102 2735 1199 3459">
     <span class='ocr_line' id='line_1_25' title="bbox 102 2735 1157 2823; baseline 0.003 -22"><span class='ocrx_word' id='word_1_185' title='bbox 102 2755 118 2802; x_wconf 80' lang='lat'>5</span> <span class='ocrx_word' id='word_1_186' title='bbox 205 2737 314 2821; x_wconf 77' lang='lat'>&lt;221&gt;</span> <span class='ocrx_word' id='word_1_187' title='bbox 333 2738 453 2821; x_wconf 82' lang='grc' dir='ltr'><strong><em>μαθὼν</em></strong></span> <span class='ocrx_word' id='word_1_188' title='bbox 473 2735 539 2804; x_wconf 84' lang='grc' dir='ltr'><strong><em>δ’ὁ</em></strong></span> <span class='ocrx_word' id='word_1_189' title='bbox 558 2741 730 2822; x_wconf 79' lang='grc' dir='ltr'><strong><em>προφήτης</em></strong></span> <span class='ocrx_word' id='word_1_190' title='bbox 748 2740 808 2821; x_wconf 82' lang='grc' dir='ltr'><strong><em>τὴν</em></strong></span> <span class='ocrx_word' id='word_1_191' title='bbox 827 2748 886 2803; x_wconf 87' lang='grc' dir='ltr'><strong><em>τοῦ</em></strong></span> <span class='ocrx_word' id='word_1_192' title='bbox 905 2738 1066 2823; x_wconf 85' lang='grc' dir='ltr'><strong><em>βασιλέως</em></strong></span> <span class='ocrx_word' id='word_1_193' title='bbox 1084 2741 1157 2805; x_wconf 94' lang='grc' dir='ltr'><strong><em>ἀδι-</em></strong></span> 
     </span>
     <span class='ocr_line' id='line_1_26' title="bbox 136 2840 1199 2929; baseline -0.002 -22"><span class='ocrx_word' id='word_1_194' title='bbox 136 2847 214 2907; x_wconf 92' lang='grc' dir='ltr'><strong><em>κίαν</em></strong></span> <span class='ocrx_word' id='word_1_195' title='bbox 240 2847 427 2909; x_wconf 88' lang='grc' dir='ltr'><strong><em>καταλείπει</em></strong></span> <span class='ocrx_word' id='word_1_196' title='bbox 456 2840 517 2927; x_wconf 71' lang='grc' dir='ltr'><strong><em>μὲν</em></strong></span> <span class='ocrx_word' id='word_1_197' title='bbox 544 2845 605 2926; x_wconf 81' lang='grc' dir='ltr'><strong><em>τὴν</em></strong></span> <span class='ocrx_word' id='word_1_198' title='bbox 627 2847 727 2909; x_wconf 92' lang='grc' dir='ltr'><strong><em>πόλιν</em></strong></span> <span class='ocrx_word' id='word_1_199' title='bbox 747 2842 931 2929; x_wconf 78' lang='grc' dir='ltr'><strong><em>Ἀρμαθάν,</em></strong></span> <span class='ocrx_word' id='word_1_200' title='bbox 961 2844 1095 2927; x_wconf 85' lang='grc' dir='ltr'><strong><em>ἀγαγὼν</em></strong></span> <span class='ocrx_word' id='word_1_201' title='bbox 1120 2844 1157 2911; x_wconf 72' lang='grc' dir='ltr'><strong><em>δὲ</em></strong></span> <span class='ocrx_word' id='word_1_202' title='bbox 1173 2866 1199 2905; x_wconf 81' lang='lat'><strong><em>25</em></strong></span> 
     </span>
     <span class='ocr_line' id='line_1_27' title="bbox 138 2947 1158 3034; baseline 0.004 -21"><span class='ocrx_word' id='word_1_203' title='bbox 138 2950 197 3013; x_wconf 88' lang='grc' dir='ltr'><strong><em>τὸν</em></strong></span> <span class='ocrx_word' id='word_1_204' title='bbox 224 2949 378 3030; x_wconf 92' lang='grc' dir='ltr'><strong><em>Δαυίδην</em></strong></span> <span class='ocrx_word' id='word_1_205' title='bbox 406 2947 462 3012; x_wconf 89' lang='grc' dir='ltr'><strong><em>ε’πί</em></strong></span> <span class='ocrx_word' id='word_1_206' title='bbox 486 2972 561 3012; x_wconf 89' lang='grc' dir='ltr'><strong><em>τινα</em></strong></span> <span class='ocrx_word' id='word_1_207' title='bbox 588 2951 705 3031; x_wconf 83' lang='grc' dir='ltr'><strong><em>τόπον,</em></strong></span> <span class='ocrx_word' id='word_1_208' title='bbox 735 2947 906 3033; x_wconf 87' lang='grc' dir='ltr'><strong><em>Γαλβαάθ’</em></strong></span> <span class='ocrx_word' id='word_1_209' title='bbox 937 2953 1057 3034; x_wconf 76' lang='grc' dir='ltr'><strong><em>ὄνομα,</em></strong></span> <span class='ocrx_word' id='word_1_210' title='bbox 1090 2951 1158 3017; x_wconf 79' lang='grc' dir='ltr'><strong><em>ἐκεῖ</em></strong></span> 
     </span>
     <span class='ocr_line' id='line_1_28' title="bbox 138 3051 1156 3144; baseline 0.003 -25"><span class='ocrx_word' id='word_1_211' title='bbox 138 3054 281 3138; x_wconf 87' lang='grc' dir='ltr'><strong><em>διέτριβε</em></strong></span> <span class='ocrx_word' id='word_1_212' title='bbox 300 3056 363 3118; x_wconf 90' lang='grc' dir='ltr'><strong><em>σὺν</em></strong></span> <span class='ocrx_word' id='word_1_213' title='bbox 377 3053 474 3140; x_wconf 76' lang='grc' dir='ltr'><strong><em>αὐτῷ.</em></strong></span> <span class='ocrx_word' id='word_1_214' title='bbox 512 3054 558 3130; x_wconf 86' lang='grc' dir='ltr'><strong><em>ὡς</em></strong></span> <span class='ocrx_word' id='word_1_215' title='bbox 576 3051 607 3116; x_wconf 89' lang='grc' dir='ltr'><strong><em>δ’</em></strong></span> <span class='ocrx_word' id='word_1_216' title='bbox 629 3054 822 3138; x_wconf 84' lang='grc' dir='ltr'><strong><em>ἀπηγγέλθη</em></strong></span> <span class='ocrx_word' id='word_1_217' title='bbox 842 3064 887 3142; x_wconf 78' lang='grc' dir='ltr'><strong><em>τῷ</em></strong></span> <span class='ocrx_word' id='word_1_218' title='bbox 904 3058 1046 3144; x_wconf 77' lang='grc' dir='ltr'><strong><em>Σαούλῳ</em></strong></span> <span class='ocrx_word' id='word_1_219' title='bbox 1066 3061 1156 3143; x_wconf 84' lang='grc' dir='ltr'><strong><em>παρὰ</em></strong></span> 
     </span>
     <span class='ocr_line' id='line_1_29' title="bbox 137 3159 1157 3248; baseline 0.003 -23"><span class='ocrx_word' id='word_1_220' title='bbox 137 3171 183 3248; x_wconf 75' lang='grc' dir='ltr'><strong><em>τῷ</em></strong></span> <span class='ocrx_word' id='word_1_221' title='bbox 197 3161 351 3244; x_wconf 88' lang='grc' dir='ltr'><strong><em>προφήτη</em></strong></span> <span class='ocrx_word' id='word_1_222' title='bbox 369 3160 543 3244; x_wconf 80' lang='grc' dir='ltr'><strong><em>τυγχάνων</em></strong></span> <span class='ocrx_word' id='word_1_223' title='bbox 562 3159 755 3244; x_wconf 82' lang='grc' dir='ltr'><strong><em>δΔαυίδης,</em></strong></span> <span class='ocrx_word' id='word_1_224' title='bbox 774 3160 904 3245; x_wconf 79' lang='grc' dir='ltr'><strong><em>πέμψας</em></strong></span> <span class='ocrx_word' id='word_1_225' title='bbox 923 3162 1059 3238; x_wconf 89' lang='grc' dir='ltr'><strong><em>ὁπλίτας</em></strong></span> <span class='ocrx_word' id='word_1_226' title='bbox 1072 3166 1157 3247; x_wconf 90' lang='grc' dir='ltr'><strong><em>πρὸς</em></strong></span> 
     </span>
     <span class='ocr_line' id='line_1_30' title="bbox 138 3265 1156 3350; baseline 0.004 -20"><span class='ocrx_word' id='word_1_227' title='bbox 138 3268 242 3332; x_wconf 86' lang='grc' dir='ltr'><strong><em>αὑτὸν</em></strong></span> <span class='ocrx_word' id='word_1_228' title='bbox 269 3267 363 3347; x_wconf 86' lang='grc' dir='ltr'><strong><em>ἀγειν</em></strong></span> <span class='ocrx_word' id='word_1_229' title='bbox 390 3265 540 3330; x_wconf 83' lang='grc' dir='ltr'><strong><em>ἐκέλευσε</em></strong></span> <span class='ocrx_word' id='word_1_230' title='bbox 568 3269 803 3350; x_wconf 86' lang='grc' dir='ltr'><strong><em>συλλαβόντας.</em></strong></span> <span class='ocrx_word' id='word_1_231' title='bbox 850 3269 959 3350; x_wconf 80' lang='lat'>&lt;222&gt;</span> <span class='ocrx_word' id='word_1_232' title='bbox 987 3272 1022 3333; x_wconf 78' lang='grc' dir='ltr'><strong><em>οἳ</em></strong></span> <span class='ocrx_word' id='word_1_233' title='bbox 1046 3266 1077 3331; x_wconf 87' lang='grc' dir='ltr'><strong><em>δ’</em></strong></span> <span class='ocrx_word' id='word_1_234' title='bbox 1104 3268 1156 3334; x_wconf 85' lang='grc' dir='ltr'><strong><em>έλ-</em></strong></span> 
     </span>
     <span class='ocr_line' id='line_1_31' title="bbox 136 3369 1195 3459; baseline -0.001 -24"><span class='ocrx_word' id='word_1_235' title='bbox 136 3374 257 3447; x_wconf 90' lang='grc' dir='ltr'><strong><em>θόντες</em></strong></span> <span class='ocrx_word' id='word_1_236' title='bbox 270 3373 353 3457; x_wconf 89' lang='grc' dir='ltr'><strong><em>πρὸς</em></strong></span> <span class='ocrx_word' id='word_1_237' title='bbox 367 3372 426 3437; x_wconf 91' lang='grc' dir='ltr'><strong><em>τὸν</em></strong></span> <span class='ocrx_word' id='word_1_238' title='bbox 436 3372 637 3454; x_wconf 92' lang='grc' dir='ltr'><strong><em>Σαμούηλον</em></strong></span> <span class='ocrx_word' id='word_1_239' title='bbox 651 3369 706 3435; x_wconf 82' lang='grc' dir='ltr'><strong><em>καὶ</em></strong></span> <span class='ocrx_word' id='word_1_240' title='bbox 720 3375 960 3456; x_wconf 86' lang='grc' dir='ltr'><strong><em>καταλαβόντες</em></strong></span> <span class='ocrx_word' id='word_1_241' title='bbox 973 3387 1157 3459; x_wconf 83' lang='grc' dir='ltr'><strong><em>προφητῶν</em></strong></span> <span class='ocrx_word' id='word_1_242' title='bbox 1172 3396 1195 3434; x_wconf 79' lang='grc' dir='ltr'><strong><em>οι</em></strong></span> 
     </span>
    </p>

    <p class='ocr_par' dir='ltr' id='par_1_5' title="bbox 209 3491 613 3562">
     <span class='ocr_line' id='line_1_32' title="bbox 209 3491 613 3562; baseline 0.002 -17"><span class='ocrx_word' id='word_1_243' title='bbox 209 3497 351 3555; x_wconf 71' lang='lat'>§218=</span> <span class='ocrx_word' id='word_1_244' title='bbox 373 3491 613 3562; x_wconf 63' lang='lat' dir='ltr'>lRaeg.XIX15.</span> 
     </span>
    </p>
   </div>
   <div class='ocr_carea' id='block_1_3' title="bbox 0 0 1211 3840">
    <p class='ocr_par' dir='ltr' id='par_1_6' title="bbox 0 0 1211 3840">
     <span class='ocr_line' id='line_1_33' title="bbox 0 0 1211 3840; baseline 0 0"><span class='ocrx_word' id='word_1_245' title='bbox 0 0 1211 3840; x_wconf 95' lang='lat' dir='ltr'><strong><em> </em></strong></span> 
     </span>
    </p>
   </div>
  </div>
 </body>
</html>
