<?xml version="1.0" encoding="UTF-8"?>
<!DOCTYPE html PUBLIC "-//W3C//DTD XHTML 1.0 Transitional//EN"
    "http://www.w3.org/TR/xhtml1/DTD/xhtml1-transitional.dtd">
<html xmlns="http://www.w3.org/1999/xhtml" xml:lang="en" lang="en">
 <head>
  <title>
</title>
<meta http-equiv="Content-Type" content="text/html;charset=utf-8" />
  <meta name='ocr-system' content='tesseract 3.04.00' />
  <meta name='ocr-capabilities' content='ocr_page ocr_carea ocr_par ocr_line ocrx_word'/>
</head>
<body>
  <div class='ocr_page' id='page_1' title='image "./operaomniaposti03nabegoog_0255.png"; bbox 0 0 2400 3840; ppageno 0'>
   <div class='ocr_carea' id='block_1_1' title="bbox 555 159 1124 224">
    <p class='ocr_par' dir='ltr' id='par_1_1' title="bbox 555 159 1124 224">
     <span class='ocr_line' id='line_1_1' title="bbox 555 159 1124 224; baseline -0.002 -12"><span class='ocrx_word' id='word_1_1' title='bbox 555 160 680 212; x_wconf 76' lang='grc' dir='ltr'><strong><em>οοΔοΗ</em></strong></span> <span class='ocrx_word' id='word_1_2' title='bbox 1059 159 1124 224; x_wconf 82' lang='lat'><strong><em>203</em></strong></span> 
     </span>
    </p>
   </div>
   <div class='ocr_carea' id='block_1_2' title="bbox 58 307 1158 3590">
    <p class='ocr_par' dir='ltr' id='par_1_2' title="bbox 58 307 1158 3590">
     <span class='ocr_line' id='line_1_2' title="bbox 104 307 1125 404; baseline 0.004 -21"><span class='ocrx_word' id='word_1_3' title='bbox 104 331 218 404; x_wconf 86' lang='grc' dir='ltr'><strong><em>μῶνος</em></strong></span> <span class='ocrx_word' id='word_1_4' title='bbox 241 321 408 404; x_wconf 84' lang='grc' dir='ltr'><strong><em>πενθερὸν</em></strong></span> <span class='ocrx_word' id='word_1_5' title='bbox 429 317 536 385; x_wconf 83' lang='grc' dir='ltr'><strong><em>οὐκέτ’</em></strong></span> <span class='ocrx_word' id='word_1_6' title='bbox 558 317 670 396; x_wconf 82' lang='grc' dir='ltr'><strong><em>οὐδεὶς</em></strong></span> <span class='ocrx_word' id='word_1_7' title='bbox 686 307 785 387; x_wconf 85' lang='grc' dir='ltr'><strong><em>τοῦτο</em></strong></span> <span class='ocrx_word' id='word_1_8' title='bbox 805 321 951 403; x_wconf 87' lang='grc' dir='ltr'><strong><em>τούυομα</em></strong></span> <span class='ocrx_word' id='word_1_9' title='bbox 970 325 1125 404; x_wconf 86' lang='grc' dir='ltr'><strong><em>βασιλεὺς</em></strong></span> 
     </span>
     <span class='ocr_line' id='line_1_3' title="bbox 105 421 1124 513; baseline 0.003 -24"><span class='ocrx_word' id='word_1_10' title='bbox 105 426 304 507; x_wconf 72' lang='grc' dir='ltr'><strong><em>Αἰγυπτίων</em></strong></span> <span class='ocrx_word' id='word_1_11' title='bbox 323 423 458 509; x_wconf 99' lang='grc' dir='ltr'><strong><em>ἐκλήθη,</em></strong></span> <span class='ocrx_word' id='word_1_12' title='bbox 476 424 531 491; x_wconf 87' lang='grc' dir='ltr'><strong><em>καί</em></strong></span> <span class='ocrx_word' id='word_1_13' title='bbox 551 427 602 491; x_wconf 84' lang='grc' dir='ltr'><strong><em>ότι</em></strong></span> <span class='ocrx_word' id='word_1_14' title='bbox 615 425 756 513; x_wconf 80' lang='grc' dir='ltr'><strong><em>ὕστερον</em></strong></span> <span class='ocrx_word' id='word_1_15' title='bbox 769 421 828 509; x_wconf 82' lang='grc' dir='ltr'><strong><em>ήκε</em></strong></span> <span class='ocrx_word' id='word_1_16' title='bbox 841 428 924 512; x_wconf 88' lang='grc' dir='ltr'><strong><em>πρὸς</em></strong></span> <span class='ocrx_word' id='word_1_17' title='bbox 938 430 1124 512; x_wconf 85' lang='grc' dir='ltr'><strong><em>Σολομῶνα</em></strong></span> 
     </span>
     <span class='ocr_line' id='line_1_4' title="bbox 104 528 1126 616; baseline 0.001 -20"><span class='ocrx_word' id='word_1_18' title='bbox 104 531 127 614; x_wconf 81' lang='grc' dir='ltr'><em>ἡ</em></span> <span class='ocrx_word' id='word_1_19' title='bbox 147 528 368 616; x_wconf 78' lang='grc' dir='ltr'><em>προειρημένη</em></span> <span class='ocrx_word' id='word_1_20' title='bbox 388 533 473 615; x_wconf 84' lang='grc' dir='ltr'><strong><em>γυνή</em></strong></span> <span class='ocrx_word' id='word_1_21' title='bbox 487 533 711 616; x_wconf 80' lang='grc' dir='ltr'><strong><em>βασιλεύουσα</em></strong></span> <span class='ocrx_word' id='word_1_22' title='bbox 728 541 787 616; x_wconf 87' lang='grc' dir='ltr'><strong><em>τής</em></strong></span> <span class='ocrx_word' id='word_1_23' title='bbox 800 532 975 614; x_wconf 75' lang='grc' dir='ltr'><strong><em>Αἰγύπτου</em></strong></span> <span class='ocrx_word' id='word_1_24' title='bbox 992 530 1048 598; x_wconf 93' lang='grc' dir='ltr'><strong><em>καί</em></strong></span> <span class='ocrx_word' id='word_1_25' title='bbox 1066 541 1126 616; x_wconf 88' lang='grc' dir='ltr'><strong><em>τής</em></strong></span> 
     </span>
     <span class='ocr_line' id='line_1_5' title="bbox 103 632 1124 723; baseline 0.003 -22"><span class='ocrx_word' id='word_1_26' title='bbox 103 639 300 714; x_wconf 90' lang='grc' dir='ltr'><strong><em>Αἰθιοπίας.</em></strong></span> <span class='ocrx_word' id='word_1_27' title='bbox 323 634 399 723; x_wconf 81' lang='grc' dir='ltr'><strong><em>περὶ</em></strong></span> <span class='ocrx_word' id='word_1_28' title='bbox 411 634 473 721; x_wconf 71' lang='grc' dir='ltr'><strong><em>μὲν</em></strong></span> <span class='ocrx_word' id='word_1_29' title='bbox 484 632 546 704; x_wconf 86' lang='grc' dir='ltr'><strong><em>οὖν</em></strong></span> <span class='ocrx_word' id='word_1_30' title='bbox 556 639 678 722; x_wconf 80' lang='grc' dir='ltr'><strong><em>ταύτης</em></strong></span> <span class='ocrx_word' id='word_1_31' title='bbox 687 636 756 723; x_wconf 91' lang='grc' dir='ltr'><strong><em>μετ’</em></strong></span> <span class='ocrx_word' id='word_1_32' title='bbox 769 637 810 703; x_wconf 90' lang='grc' dir='ltr'><strong><em>οὐ</em></strong></span> <span class='ocrx_word' id='word_1_33' title='bbox 821 641 908 703; x_wconf 88' lang='grc' dir='ltr'><strong><em>πολὺ</em></strong></span> <span class='ocrx_word' id='word_1_34' title='bbox 918 639 1124 723; x_wconf 83' lang='grc' dir='ltr'><strong><em>δηλώσομεν·</em></strong></span> 
     </span>
     <span class='ocr_line' id='line_1_6' title="bbox 72 739 1125 830; baseline 0.006 -27"><span class='ocrx_word' id='word_1_35' title='bbox 72 761 87 803; x_wconf 86' lang='lat'>5</span> <span class='ocrx_word' id='word_1_36' title='bbox 104 752 171 808; x_wconf 86' lang='grc' dir='ltr'><strong><em>νῦν</em></strong></span> <span class='ocrx_word' id='word_1_37' title='bbox 190 739 228 808; x_wconf 72' lang='grc' dir='ltr'><strong><em>δὲ</em></strong></span> <span class='ocrx_word' id='word_1_38' title='bbox 244 744 373 809; x_wconf 91' lang='grc' dir='ltr'><strong><em>τούτων</em></strong></span> <span class='ocrx_word' id='word_1_39' title='bbox 393 742 616 828; x_wconf 76' lang='grc' dir='ltr'><strong><em>ἐπεμνήσθην,</em></strong></span> <span class='ocrx_word' id='word_1_40' title='bbox 635 745 691 808; x_wconf 81' lang='grc' dir='ltr'><strong><em>ἵνα</em></strong></span> <span class='ocrx_word' id='word_1_41' title='bbox 709 746 907 830; x_wconf 79' lang='grc' dir='ltr'><strong><em>παραστήσω</em></strong></span> <span class='ocrx_word' id='word_1_42' title='bbox 926 747 967 809; x_wconf 84' lang='grc' dir='ltr'><strong><em>τά</em></strong></span> <span class='ocrx_word' id='word_1_43' title='bbox 983 742 1125 829; x_wconf 78' lang='grc' dir='ltr'><strong><em>ὑμέτερα</em></strong></span> 
     </span>
     <span class='ocr_line' id='line_1_7' title="bbox 104 847 1124 936; baseline 0.002 -22"><span class='ocrx_word' id='word_1_44' title='bbox 104 852 221 935; x_wconf 82' lang='grc' dir='ltr'><strong><em>βιβλία</em></strong></span> <span class='ocrx_word' id='word_1_45' title='bbox 234 847 290 914; x_wconf 87' lang='grc' dir='ltr'><strong><em>καί</em></strong></span> <span class='ocrx_word' id='word_1_46' title='bbox 303 851 345 914; x_wconf 83' lang='grc' dir='ltr'><strong><em>τά</em></strong></span> <span class='ocrx_word' id='word_1_47' title='bbox 355 847 433 936; x_wconf 86' lang='grc' dir='ltr'><strong><em>παρ’</em></strong></span> <span class='ocrx_word' id='word_1_48' title='bbox 445 852 644 933; x_wconf 79' lang='grc' dir='ltr'><strong><em>Αἰγυπτίοις</em></strong></span> <span class='ocrx_word' id='word_1_49' title='bbox 654 848 730 936; x_wconf 80' lang='grc' dir='ltr'><strong><em>περὶ</em></strong></span> <span class='ocrx_word' id='word_1_50' title='bbox 742 855 876 916; x_wconf 82' lang='grc' dir='ltr'><strong><em>πολλῶν</em></strong></span> <span class='ocrx_word' id='word_1_51' title='bbox 887 850 1124 935; x_wconf 84' lang='grc' dir='ltr'><strong><em>ὁμολογοῦντα.</em></strong></span> 
     </span>
     <span class='ocr_line' id='line_1_8' title="bbox 172 952 1158 1042; baseline 0.005 -22"><span class='ocrx_word' id='word_1_52' title='bbox 172 956 282 1039; x_wconf 86' lang='grc'>&lt;160&gt;</span> <span class='ocrx_word' id='word_1_53' title='bbox 305 956 324 1023; x_wconf 86' lang='grc' dir='ltr'><strong><em>δ</em></strong></span> <span class='ocrx_word' id='word_1_54' title='bbox 347 952 385 1021; x_wconf 75' lang='grc' dir='ltr'><strong><em>δὲ</em></strong></span> <span class='ocrx_word' id='word_1_55' title='bbox 406 959 562 1042; x_wconf 86' lang='grc' dir='ltr'><strong><em>βασιλεὺς</em></strong></span> <span class='ocrx_word' id='word_1_56' title='bbox 580 958 745 1040; x_wconf 78' lang='grc' dir='ltr'><strong><em>Σολομὼν</em></strong></span> <span class='ocrx_word' id='word_1_57' title='bbox 762 959 842 1034; x_wconf 91' lang='grc' dir='ltr'><strong><em>τοὺς</em></strong></span> <span class='ocrx_word' id='word_1_58' title='bbox 860 959 908 1022; x_wconf 81' lang='grc' dir='ltr'><strong><em>ἐτι</em></strong></span> <span class='ocrx_word' id='word_1_59' title='bbox 926 967 995 1022; x_wconf 81' lang='grc' dir='ltr'><strong><em>τῶν</em></strong></span> <span class='ocrx_word' id='word_1_60' title='bbox 1013 960 1123 1022; x_wconf 88' lang='grc' dir='ltr'><strong><em>Χανα-</em></strong></span> <span class='ocrx_word' id='word_1_61' title='bbox 1142 978 1158 1026; x_wconf 85' lang='grc'>3</span> 
     </span>
     <span class='ocr_line' id='line_1_9' title="bbox 102 1060 1123 1152; baseline 0.002 -26"><span class='ocrx_word' id='word_1_62' title='bbox 102 1064 212 1127; x_wconf 91' lang='grc' dir='ltr'><strong><em>ναίων</em></strong></span> <span class='ocrx_word' id='word_1_63' title='bbox 239 1062 300 1147; x_wconf 88' lang='grc' dir='ltr'><strong><em>οὐχ</em></strong></span> <span class='ocrx_word' id='word_1_64' title='bbox 327 1062 573 1146; x_wconf 80' lang='grc' dir='ltr'><strong><em>ὑπακούοντας,</em></strong></span> <span class='ocrx_word' id='word_1_65' title='bbox 600 1065 636 1127; x_wconf 77' lang='grc' dir='ltr'><strong><em>οἳ</em></strong></span> <span class='ocrx_word' id='word_1_66' title='bbox 661 1061 697 1127; x_wconf 91' lang='grc' dir='ltr'><strong><em>ἐν</em></strong></span> <span class='ocrx_word' id='word_1_67' title='bbox 724 1071 770 1151; x_wconf 76' lang='grc' dir='ltr'><strong><em>τῷ</em></strong></span> <span class='ocrx_word' id='word_1_68' title='bbox 792 1062 930 1152; x_wconf 75' lang='grc' dir='ltr'><strong><em>Λιβάνῳ</em></strong></span> <span class='ocrx_word' id='word_1_69' title='bbox 954 1060 1123 1148; x_wconf 75' lang='grc' dir='ltr'><strong><em>διέτριβον</em></strong></span> 
     </span>
     <span class='ocr_line' id='line_1_10' title="bbox 104 1166 1123 1256; baseline 0 -22"><span class='ocrx_word' id='word_1_70' title='bbox 104 1170 177 1253; x_wconf 78' lang='grc' dir='ltr'><strong><em>ὄρει</em></strong></span> <span class='ocrx_word' id='word_1_71' title='bbox 203 1166 259 1233; x_wconf 90' lang='grc' dir='ltr'><strong><em>καί</em></strong></span> <span class='ocrx_word' id='word_1_72' title='bbox 287 1167 382 1255; x_wconf 78' lang='grc' dir='ltr'><strong><em>μέχρι</em></strong></span> <span class='ocrx_word' id='word_1_73' title='bbox 409 1171 537 1246; x_wconf 86' lang='grc' dir='ltr'><strong><em>πόλεως</em></strong></span> <span class='ocrx_word' id='word_1_74' title='bbox 560 1166 721 1254; x_wconf 82' lang='grc' dir='ltr'><strong><em>Ἀμάθης,</em></strong></span> <span class='ocrx_word' id='word_1_75' title='bbox 747 1169 960 1256; x_wconf 81' lang='grc' dir='ltr'><strong><em>ὑποχειρίους</em></strong></span> <span class='ocrx_word' id='word_1_76' title='bbox 985 1169 1123 1252; x_wconf 90' lang='grc' dir='ltr'><strong><em>ποιησά-</em></strong></span> 
     </span>
     <span class='ocr_line' id='line_1_11' title="bbox 58 1273 1123 1362; baseline 0.004 -26"><span class='ocrx_word' id='word_1_77' title='bbox 58 1295 88 1336; x_wconf 75' lang='grc' dir='ltr'><strong><em>ιο</em></strong></span> <span class='ocrx_word' id='word_1_78' title='bbox 103 1298 205 1360; x_wconf 90' lang='grc' dir='ltr'><strong><em>μενος</em></strong></span> <span class='ocrx_word' id='word_1_79' title='bbox 223 1277 332 1360; x_wconf 82' lang='grc' dir='ltr'><strong><em>φόρον</em></strong></span> <span class='ocrx_word' id='word_1_80' title='bbox 350 1274 464 1353; x_wconf 78' lang='grc' dir='ltr'><strong><em>αὐτοῖς</em></strong></span> <span class='ocrx_word' id='word_1_81' title='bbox 482 1273 712 1361; x_wconf 80' lang='grc' dir='ltr'><strong><em>προσεπέταξε,</em></strong></span> <span class='ocrx_word' id='word_1_82' title='bbox 734 1273 790 1341; x_wconf 94' lang='grc' dir='ltr'><strong><em>καί</em></strong></span> <span class='ocrx_word' id='word_1_83' title='bbox 808 1276 892 1362; x_wconf 87' lang='grc' dir='ltr'><strong><em>πρὸς</em></strong></span> <span class='ocrx_word' id='word_1_84' title='bbox 908 1277 947 1341; x_wconf 90' lang='grc' dir='ltr'><strong><em>τὸ</em></strong></span> <span class='ocrx_word' id='word_1_85' title='bbox 966 1277 1123 1358; x_wconf 88' lang='grc' dir='ltr'><strong><em>θητεύειν</em></strong></span> 
     </span>
     <span class='ocr_line' id='line_1_12' title="bbox 104 1379 1123 1469; baseline 0.001 -23"><span class='ocrx_word' id='word_1_86' title='bbox 104 1382 195 1469; x_wconf 78' lang='grc' dir='ltr'><strong><em>αὐτῷ</em></strong></span> <span class='ocrx_word' id='word_1_87' title='bbox 217 1379 273 1447; x_wconf 88' lang='grc' dir='ltr'><strong><em>καί</em></strong></span> <span class='ocrx_word' id='word_1_88' title='bbox 295 1384 354 1458; x_wconf 82' lang='grc' dir='ltr'><strong><em>τάς</em></strong></span> <span class='ocrx_word' id='word_1_89' title='bbox 375 1383 537 1459; x_wconf 77' lang='grc' dir='ltr'><strong><em>οἰκετικὰς</em></strong></span> <span class='ocrx_word' id='word_1_90' title='bbox 554 1385 666 1468; x_wconf 88' lang='grc' dir='ltr'><strong><em>χρείας</em></strong></span> <span class='ocrx_word' id='word_1_91' title='bbox 685 1381 829 1449; x_wconf 72' lang='grc' dir='ltr'><strong><em>ἐκτελεῖν</em></strong></span> <span class='ocrx_word' id='word_1_92' title='bbox 845 1379 901 1448; x_wconf 87' lang='grc' dir='ltr'><strong><em>καί</em></strong></span> <span class='ocrx_word' id='word_1_93' title='bbox 919 1383 1003 1468; x_wconf 86' lang='grc' dir='ltr'><strong><em>πρὸς</em></strong></span> <span class='ocrx_word' id='word_1_94' title='bbox 1020 1404 1123 1467; x_wconf 88' lang='grc' dir='ltr'><strong><em>γεωρ-</em></strong></span> 
     </span>
     <span class='ocr_line' id='line_1_13' title="bbox 104 1485 1122 1574; baseline 0.001 -22"><span class='ocrx_word' id='word_1_95' title='bbox 104 1491 184 1571; x_wconf 93' lang='grc' dir='ltr'><strong><em>γίαν</em></strong></span> <span class='ocrx_word' id='word_1_96' title='bbox 210 1485 281 1553; x_wconf 92' lang='grc' dir='ltr'><strong><em>κατ’</em></strong></span> <span class='ocrx_word' id='word_1_97' title='bbox 308 1489 380 1564; x_wconf 83' lang='grc' dir='ltr'><strong><em>ἔτος</em></strong></span> <span class='ocrx_word' id='word_1_98' title='bbox 407 1487 441 1567; x_wconf 87' lang='grc' dir='ltr'><strong><em>ἐξ</em></strong></span> <span class='ocrx_word' id='word_1_99' title='bbox 469 1488 580 1554; x_wconf 82' lang='grc' dir='ltr'><strong><em>αὐτῶν</em></strong></span> <span class='ocrx_word' id='word_1_100' title='bbox 608 1486 787 1571; x_wconf 80' lang='grc' dir='ltr'><strong><em>ἐπελέγετο.</em></strong></span> <span class='ocrx_word' id='word_1_101' title='bbox 832 1488 942 1572; x_wconf 87' lang='grc'>&lt;161&gt;</span> <span class='ocrx_word' id='word_1_102' title='bbox 967 1490 1122 1574; x_wconf 78' lang='grc' dir='ltr'><strong><em>τῶνγὰρ</em></strong></span> 
     </span>
     <span class='ocr_line' id='line_1_14' title="bbox 99 1589 1122 1680; baseline 0.001 -21"><span class='ocrx_word' id='word_1_103' title='bbox 99 1593 264 1680; x_wconf 85' lang='grc' dir='ltr'><strong><em>Ἑβραίων</em></strong></span> <span class='ocrx_word' id='word_1_104' title='bbox 283 1591 394 1671; x_wconf 81' lang='grc' dir='ltr'><strong><em>οὐδεὶς</em></strong></span> <span class='ocrx_word' id='word_1_105' title='bbox 408 1592 586 1660; x_wconf 76' lang='grc' dir='ltr'><strong><em>ἐδούλευεν</em></strong></span> <span class='ocrx_word' id='word_1_106' title='bbox 600 1591 687 1680; x_wconf 88' lang='grc' dir='ltr'><strong><em>(οὐδ’</em></strong></span> <span class='ocrx_word' id='word_1_107' title='bbox 704 1589 747 1678; x_wconf 84' lang='grc' dir='ltr'><strong><em>ήν</em></strong></span> <span class='ocrx_word' id='word_1_108' title='bbox 761 1595 903 1677; x_wconf 86' lang='grc' dir='ltr'><strong><em>εὑλογον</em></strong></span> <span class='ocrx_word' id='word_1_109' title='bbox 917 1595 1001 1678; x_wconf 86' lang='grc' dir='ltr'><strong><em>ἔθνη</em></strong></span> <span class='ocrx_word' id='word_1_110' title='bbox 1015 1595 1122 1660; x_wconf 79' lang='grc' dir='ltr'><strong><em>πολλὰ</em></strong></span> 
     </span>
     <span class='ocr_line' id='line_1_15' title="bbox 103 1697 1122 1785; baseline 0 -20"><span class='ocrx_word' id='word_1_111' title='bbox 103 1709 166 1765; x_wconf 87' lang='grc' dir='ltr'><strong><em>τοῦ</em></strong></span> <span class='ocrx_word' id='word_1_112' title='bbox 188 1706 274 1766; x_wconf 85' lang='grc' dir='ltr'><strong><em>θεοῦ</em></strong></span> <span class='ocrx_word' id='word_1_113' title='bbox 298 1700 481 1776; x_wconf 83' lang='grc' dir='ltr'><strong><em>δεδωκότος</em></strong></span> <span class='ocrx_word' id='word_1_114' title='bbox 504 1699 617 1777; x_wconf 79' lang='grc' dir='ltr'><strong><em>αὑτοῖς</em></strong></span> <span class='ocrx_word' id='word_1_115' title='bbox 634 1700 819 1785; x_wconf 89' lang='grc' dir='ltr'><strong><em>ὑποχείρια,</em></strong></span> <span class='ocrx_word' id='word_1_116' title='bbox 842 1697 921 1766; x_wconf 82' lang='grc' dir='ltr'><strong><em>δίον</em></strong></span> <span class='ocrx_word' id='word_1_117' title='bbox 940 1698 975 1764; x_wconf 88' lang='grc' dir='ltr'><strong><em>ἐκ</em></strong></span> <span class='ocrx_word' id='word_1_118' title='bbox 993 1701 1122 1765; x_wconf 91' lang='grc' dir='ltr'><strong><em>τούτων</em></strong></span> 
     </span>
     <span class='ocr_line' id='line_1_16' title="bbox 59 1805 1120 1891; baseline 0.002 -23"><span class='ocrx_word' id='word_1_119' title='bbox 59 1829 87 1870; x_wconf 82' lang='lat'><strong><em>15</em></strong></span> <span class='ocrx_word' id='word_1_120' title='bbox 103 1813 277 1873; x_wconf 79' lang='grc' dir='ltr'><strong><em>ποιεῖσθαι</em></strong></span> <span class='ocrx_word' id='word_1_121' title='bbox 299 1808 337 1872; x_wconf 94' lang='grc' dir='ltr'><strong><em>τὸ</em></strong></span> <span class='ocrx_word' id='word_1_122' title='bbox 364 1807 521 1890; x_wconf 85' lang='grc' dir='ltr'><strong><em>θητικόν,</em></strong></span> <span class='ocrx_word' id='word_1_123' title='bbox 549 1806 671 1882; x_wconf 88' lang='grc' dir='ltr'><strong><em>αὑτοὺς</em></strong></span> <span class='ocrx_word' id='word_1_124' title='bbox 697 1805 858 1891; x_wconf 88' lang='grc' dir='ltr'><strong><em>κατάγεινΙΙ</em></strong></span> <span class='ocrx_word' id='word_1_125' title='bbox 882 1807 930 1881; x_wconf 90' lang='grc' dir='ltr'><strong><em>εἰς</em></strong></span> <span class='ocrx_word' id='word_1_126' title='bbox 956 1814 1055 1870; x_wconf 85' lang='grc' dir='ltr'><strong><em>τοῦτο</em></strong></span> <span class='ocrx_word' id='word_1_127' title='bbox 1083 1808 1120 1871; x_wconf 91' lang='grc' dir='ltr'><strong><em>τὸ</em></strong></span> 
     </span>
     <span class='ocr_line' id='line_1_17' title="bbox 103 1908 1122 2000; baseline -0.003 -21"><span class='ocrx_word' id='word_1_128' title='bbox 103 1911 240 2000; x_wconf 78' lang='grc' dir='ltr'><strong><em>σχῆμα),</em></strong></span> <span class='ocrx_word' id='word_1_129' title='bbox 258 1912 342 1979; x_wconf 79' lang='grc' dir='ltr'><strong><em>ἀλλὰ</em></strong></span> <span class='ocrx_word' id='word_1_130' title='bbox 359 1913 481 1989; x_wconf 87' lang='grc' dir='ltr'><strong><em>πάντες</em></strong></span> <span class='ocrx_word' id='word_1_131' title='bbox 499 1911 537 1979; x_wconf 90' lang='grc' dir='ltr'><strong><em>ἐν</em></strong></span> <span class='ocrx_word' id='word_1_132' title='bbox 555 1914 670 1989; x_wconf 83' lang='grc' dir='ltr'><strong><em>ὅπλοις</em></strong></span> <span class='ocrx_word' id='word_1_133' title='bbox 689 1908 742 1996; x_wconf 83' lang='grc' dir='ltr'><strong><em>ἐφ’</em></strong></span> <span class='ocrx_word' id='word_1_134' title='bbox 761 1910 918 1996; x_wconf 78' lang='grc' dir='ltr'><strong><em>ἁρμάτων</em></strong></span> <span class='ocrx_word' id='word_1_135' title='bbox 936 1908 992 1976; x_wconf 94' lang='grc' dir='ltr'><strong><em>καί</em></strong></span> <span class='ocrx_word' id='word_1_136' title='bbox 1011 1911 1122 1977; x_wconf 78' lang='grc' dir='ltr'><strong><em>ἵππων</em></strong></span> 
     </span>
     <span class='ocr_line' id='line_1_18' title="bbox 104 2017 1121 2107; baseline -0.004 -22"><span class='ocrx_word' id='word_1_137' title='bbox 104 2022 360 2107; x_wconf 84' lang='grc' dir='ltr'><strong><em>στρατευόμενοι</em></strong></span> <span class='ocrx_word' id='word_1_138' title='bbox 373 2025 500 2104; x_wconf 83' lang='grc' dir='ltr'><strong><em>μᾶλλον</em></strong></span> <span class='ocrx_word' id='word_1_139' title='bbox 514 2017 534 2103; x_wconf 83' lang='grc' dir='ltr'><strong><em>ή</em></strong></span> <span class='ocrx_word' id='word_1_140' title='bbox 550 2019 767 2095; x_wconf 87' lang='grc' dir='ltr'><strong><em>δουλεύοντες</em></strong></span> <span class='ocrx_word' id='word_1_141' title='bbox 780 2017 913 2100; x_wconf 77' lang='grc' dir='ltr'><strong><em>διήγον.</em></strong></span> <span class='ocrx_word' id='word_1_142' title='bbox 933 2017 1044 2100; x_wconf 80' lang='lat'>&lt;162&gt;</span> <span class='ocrx_word' id='word_1_143' title='bbox 1053 2027 1121 2082; x_wconf 83' lang='grc' dir='ltr'><strong><em>τῶν</em></strong></span> 
     </span>
     <span class='ocr_line' id='line_1_19' title="bbox 103 2122 1121 2211; baseline -0.006 -18"><span class='ocrx_word' id='word_1_144' title='bbox 103 2123 143 2193; x_wconf 77' lang='grc' dir='ltr'><strong><em>δέ</em></strong></span> <span class='ocrx_word' id='word_1_145' title='bbox 162 2129 373 2210; x_wconf 87' lang='grc' dir='ltr'><strong><em>Χαναναίων,</em></strong></span> <span class='ocrx_word' id='word_1_146' title='bbox 396 2126 456 2204; x_wconf 81' lang='grc' dir='ltr'><strong><em>οὓς</em></strong></span> <span class='ocrx_word' id='word_1_147' title='bbox 473 2128 522 2204; x_wconf 88' lang='grc' dir='ltr'><strong><em>εἰς</em></strong></span> <span class='ocrx_word' id='word_1_148' title='bbox 538 2126 600 2211; x_wconf 84' lang='grc' dir='ltr'><strong><em>τήν</em></strong></span> <span class='ocrx_word' id='word_1_149' title='bbox 618 2126 780 2191; x_wconf 85' lang='grc' dir='ltr'><strong><em>οἰκετείαν</em></strong></span> <span class='ocrx_word' id='word_1_150' title='bbox 799 2122 979 2206; x_wconf 77' lang='grc' dir='ltr'><strong><em>ἀπήγαγεν,</em></strong></span> <span class='ocrx_word' id='word_1_151' title='bbox 991 2124 1121 2209; x_wconf 74' lang='grc' dir='ltr'><strong><em>’άρχον-</em></strong></span> 
     </span>
     <span class='ocr_line' id='line_1_20' title="bbox 101 2228 1121 2316; baseline -0.005 -17"><span class='ocrx_word' id='word_1_152' title='bbox 101 2257 163 2311; x_wconf 89' lang='grc' dir='ltr'><strong><em>τας</em></strong></span> <span class='ocrx_word' id='word_1_153' title='bbox 189 2231 339 2312; x_wconf 77' lang='grc' dir='ltr'><strong><em>ἀπέδειξε</em></strong></span> <span class='ocrx_word' id='word_1_154' title='bbox 366 2233 603 2311; x_wconf 86' lang='grc' dir='ltr'><strong><em>πεντακοσίους</em></strong></span> <span class='ocrx_word' id='word_1_155' title='bbox 629 2229 685 2297; x_wconf 84' lang='grc' dir='ltr'><strong><em>καί</em></strong></span> <span class='ocrx_word' id='word_1_156' title='bbox 711 2230 916 2315; x_wconf 87' lang='grc' dir='ltr'><strong><em>πεντήκοντα</em></strong></span> <span class='ocrx_word' id='word_1_157' title='bbox 940 2228 1121 2316; x_wconf 84' lang='grc' dir='ltr'><strong><em>τὸνάριθ-</em></strong></span> 
     </span>
     <span class='ocr_line' id='line_1_21' title="bbox 60 2337 1121 2425; baseline -0.006 -19"><span class='ocrx_word' id='word_1_158' title='bbox 60 2361 88 2401; x_wconf 82' lang='grc' dir='ltr'><strong><em>εο</em></strong></span> <span class='ocrx_word' id='word_1_159' title='bbox 103 2343 183 2425; x_wconf 86' lang='grc' dir='ltr'><strong><em>μόν,</em></strong></span> <span class='ocrx_word' id='word_1_160' title='bbox 215 2343 252 2406; x_wconf 75' lang='grc' dir='ltr'><strong><em>οἳ</em></strong></span> <span class='ocrx_word' id='word_1_161' title='bbox 277 2341 339 2423; x_wconf 81' lang='grc' dir='ltr'><strong><em>τὴν</em></strong></span> <span class='ocrx_word' id='word_1_162' title='bbox 367 2340 449 2422; x_wconf 81' lang='grc' dir='ltr'><strong><em>ὅλην</em></strong></span> <span class='ocrx_word' id='word_1_163' title='bbox 476 2340 588 2405; x_wconf 81' lang='grc' dir='ltr'><strong><em>αὐτῶν</em></strong></span> <span class='ocrx_word' id='word_1_164' title='bbox 616 2337 797 2425; x_wconf 81' lang='grc' dir='ltr'><strong><em>ἐπιτροπήν</em></strong></span> <span class='ocrx_word' id='word_1_165' title='bbox 824 2338 1005 2423; x_wconf 85' lang='grc' dir='ltr'><strong><em>εἰλήφεσαν</em></strong></span> <span class='ocrx_word' id='word_1_166' title='bbox 1031 2337 1121 2421; x_wconf 85' lang='grc' dir='ltr'><strong><em>παρά</em></strong></span> 
     </span>
     <span class='ocr_line' id='line_1_22' title="bbox 102 2439 1121 2532; baseline -0.003 -21"><span class='ocrx_word' id='word_1_167' title='bbox 102 2445 276 2532; x_wconf 79' lang='grc' dir='ltr'><strong><em>βασιλέως,</em></strong></span> <span class='ocrx_word' id='word_1_168' title='bbox 299 2447 382 2512; x_wconf 82' lang='grc' dir='ltr'><strong><em>ὥστε</em></strong></span> <span class='ocrx_word' id='word_1_169' title='bbox 406 2445 577 2511; x_wconf 89' lang='grc' dir='ltr'><strong><em>διδάσκειν</em></strong></span> <span class='ocrx_word' id='word_1_170' title='bbox 599 2446 721 2524; x_wconf 83' lang='grc' dir='ltr'><strong><em>αὑτούς</em></strong></span> <span class='ocrx_word' id='word_1_171' title='bbox 742 2439 847 2531; x_wconf 82' lang='grc' dir='ltr'><strong><em>τᾶργα</em></strong></span> <span class='ocrx_word' id='word_1_172' title='bbox 864 2441 997 2521; x_wconf 80' lang='grc' dir='ltr'><strong><em>καὶτὰς</em></strong></span> <span class='ocrx_word' id='word_1_173' title='bbox 1016 2465 1121 2530; x_wconf 88' lang='grc' dir='ltr'><strong><em>πραγ-</em></strong></span> 
     </span>
     <span class='ocr_line' id='line_1_23' title="bbox 103 2549 750 2637; baseline -0.005 -19"><span class='ocrx_word' id='word_1_174' title='bbox 103 2554 238 2635; x_wconf 90' lang='grc' dir='ltr'><strong><em>ματείας</em></strong></span> <span class='ocrx_word' id='word_1_175' title='bbox 261 2549 314 2637; x_wconf 85' lang='grc' dir='ltr'><strong><em>ἐφ’</em></strong></span> <span class='ocrx_word' id='word_1_176' title='bbox 335 2551 376 2628; x_wconf 79' lang='grc' dir='ltr'><strong><em>ἃς</em></strong></span> <span class='ocrx_word' id='word_1_177' title='bbox 398 2549 449 2616; x_wconf 85' lang='grc' dir='ltr'><strong><em>άεί</em></strong></span> <span class='ocrx_word' id='word_1_178' title='bbox 472 2550 584 2616; x_wconf 84' lang='grc' dir='ltr'><strong><em>αὐτῶν</em></strong></span> <span class='ocrx_word' id='word_1_179' title='bbox 607 2553 750 2637; x_wconf 74' lang='grc' dir='ltr'><strong><em>ἔχρῃζεν·</em></strong></span> 
     </span>
     <span class='ocr_line' id='line_1_24' title="bbox 169 2652 1157 2744; baseline 0.002 -22"><span class='ocrx_word' id='word_1_180' title='bbox 169 2658 280 2743; x_wconf 87' lang='grc'>&lt;163&gt;</span> <span class='ocrx_word' id='word_1_181' title='bbox 307 2656 558 2741; x_wconf 87' lang='grc' dir='ltr'><strong><em>ἐναυπηγήσατο</em></strong></span> <span class='ocrx_word' id='word_1_182' title='bbox 587 2652 617 2720; x_wconf 91' lang='grc' dir='ltr'><strong><em>δ’</em></strong></span> <span class='ocrx_word' id='word_1_183' title='bbox 648 2656 666 2723; x_wconf 85' lang='grc' dir='ltr'><strong><em>ό</em></strong></span> <span class='ocrx_word' id='word_1_184' title='bbox 694 2658 851 2740; x_wconf 81' lang='grc' dir='ltr'><strong><em>βασιλεὺς</em></strong></span> <span class='ocrx_word' id='word_1_185' title='bbox 878 2655 916 2721; x_wconf 85' lang='grc' dir='ltr'><strong><em>ἐν</em></strong></span> <span class='ocrx_word' id='word_1_186' title='bbox 942 2665 987 2744; x_wconf 75' lang='grc' dir='ltr'><strong><em>τῷ</em></strong></span> <span class='ocrx_word' id='word_1_187' title='bbox 1015 2657 1157 2739; x_wconf 74' lang='grc' dir='ltr'><strong><em>Αἶγα-4</em></strong></span> 
     </span>
     <span class='ocr_line' id='line_1_25' title="bbox 102 2758 1121 2853; baseline -0.003 -24"><span class='ocrx_word' id='word_1_188' title='bbox 102 2773 229 2853; x_wconf 76' lang='grc' dir='ltr'><strong><em>πτιακῷ</em></strong></span> <span class='ocrx_word' id='word_1_189' title='bbox 246 2763 487 2853; x_wconf 78' lang='grc' dir='ltr'><strong><em>κόλπωσκάφη</em></strong></span> <span class='ocrx_word' id='word_1_190' title='bbox 506 2762 623 2846; x_wconf 85' lang='grc' dir='ltr'><strong><em>πολλά,</em></strong></span> <span class='ocrx_word' id='word_1_191' title='bbox 640 2770 699 2847; x_wconf 86' lang='grc' dir='ltr'><strong><em>τής</em></strong></span> <span class='ocrx_word' id='word_1_192' title='bbox 714 2758 880 2847; x_wconf 81' lang='grc' dir='ltr'><strong><em>Ἐρυθρᾶς</em></strong></span> <span class='ocrx_word' id='word_1_193' title='bbox 897 2761 1065 2844; x_wconf 86' lang='grc' dir='ltr'><strong><em>θαλάττης</em></strong></span> <span class='ocrx_word' id='word_1_194' title='bbox 1084 2763 1121 2826; x_wconf 82' lang='grc' dir='ltr'><strong><em>ἔν</em></strong></span> 
     </span>
     <span class='ocr_line' id='line_1_26' title="bbox 61 2865 1121 2959; baseline 0.002 -30"><span class='ocrx_word' id='word_1_195' title='bbox 61 2889 88 2930; x_wconf 77' lang='grc' dir='ltr'><strong><em>ιι</em></strong></span> <span class='ocrx_word' id='word_1_196' title='bbox 101 2893 170 2935; x_wconf 91' lang='grc' dir='ltr'><strong><em>τινι</em></strong></span> <span class='ocrx_word' id='word_1_197' title='bbox 192 2872 283 2959; x_wconf 75' lang='grc' dir='ltr'><strong><em>τόπῳ</em></strong></span> <span class='ocrx_word' id='word_1_198' title='bbox 302 2867 469 2958; x_wconf 77' lang='grc' dir='ltr'><strong><em>λεγομένω</em></strong></span> <span class='ocrx_word' id='word_1_199' title='bbox 489 2867 760 2951; x_wconf 87' lang='grc' dir='ltr'><strong><em>Γασιωνγάβελος</em></strong></span> <span class='ocrx_word' id='word_1_200' title='bbox 778 2865 821 2931; x_wconf 89' lang='grc' dir='ltr'><strong><em>ού</em></strong></span> <span class='ocrx_word' id='word_1_201' title='bbox 838 2868 952 2952; x_wconf 86' lang='grc' dir='ltr'><strong><em>πόρρω</em></strong></span> <span class='ocrx_word' id='word_1_202' title='bbox 970 2868 1121 2950; x_wconf 87' lang='grc' dir='ltr'><strong><em>Αἰλανής</em></strong></span> 
     </span>
     <span class='ocr_line' id='line_1_27' title="bbox 100 2971 1119 3061; baseline -0.005 -18"><span class='ocrx_word' id='word_1_203' title='bbox 100 2979 240 3059; x_wconf 85' lang='grc' dir='ltr'><strong><em>πόλεως,</em></strong></span> <span class='ocrx_word' id='word_1_204' title='bbox 262 2976 283 3059; x_wconf 83' lang='grc' dir='ltr'><strong><em>ή</em></strong></span> <span class='ocrx_word' id='word_1_205' title='bbox 304 2984 369 3040; x_wconf 84' lang='grc' dir='ltr'><strong><em>νῦν</em></strong></span> <span class='ocrx_word' id='word_1_206' title='bbox 387 2977 548 3061; x_wconf 84' lang='grc' dir='ltr'><strong><em>Βερενίκη</em></strong></span> <span class='ocrx_word' id='word_1_207' title='bbox 566 2979 726 3039; x_wconf 77' lang='grc' dir='ltr'><strong><em>καλεῖται·</em></strong></span> <span class='ocrx_word' id='word_1_208' title='bbox 749 2971 833 3056; x_wconf 81' lang='grc' dir='ltr'><strong><em>αὕτη</em></strong></span> <span class='ocrx_word' id='word_1_209' title='bbox 852 2973 915 3059; x_wconf 83' lang='grc' dir='ltr'><strong><em>γάρ</em></strong></span> <span class='ocrx_word' id='word_1_210' title='bbox 934 2971 954 3056; x_wconf 82' lang='grc' dir='ltr'><em>ἡ</em></span> <span class='ocrx_word' id='word_1_211' title='bbox 973 2972 1063 3058; x_wconf 83' lang='grc' dir='ltr'><strong><em>χώρα</em></strong></span> <span class='ocrx_word' id='word_1_212' title='bbox 1081 2975 1119 3038; x_wconf 89' lang='grc' dir='ltr'><strong><em>τὸ</em></strong></span> 
     </span>
     <span class='ocr_line' id='line_1_28' title="bbox 100 3076 1120 3173; baseline -0.006 -25"><span class='ocrx_word' id='word_1_213' title='bbox 100 3081 183 3169; x_wconf 84' lang='grc' dir='ltr'><strong><em>πρὶν</em></strong></span> <span class='ocrx_word' id='word_1_214' title='bbox 207 3081 381 3148; x_wconf 85' lang='grc' dir='ltr'><strong><em>Ἰουδαίων</em></strong></span> <span class='ocrx_word' id='word_1_215' title='bbox 407 3077 459 3165; x_wconf 84' lang='grc' dir='ltr'><strong><em>ήν.</em></strong></span> <span class='ocrx_word' id='word_1_216' title='bbox 506 3083 600 3166; x_wconf 84' lang='grc' dir='ltr'><strong><em>ἔτυχε</em></strong></span> <span class='ocrx_word' id='word_1_217' title='bbox 626 3076 664 3145; x_wconf 71' lang='grc' dir='ltr'><strong><em>δὲ</em></strong></span> <span class='ocrx_word' id='word_1_218' title='bbox 685 3077 741 3173; x_wconf 80' lang='grc' dir='ltr'><strong><em>καί</em></strong></span> <span class='ocrx_word' id='word_1_219' title='bbox 763 3087 823 3163; x_wconf 79' lang='grc' dir='ltr'><strong><em>τῆς</em></strong></span> <span class='ocrx_word' id='word_1_220' title='bbox 845 3078 1050 3164; x_wconf 79' lang='grc' dir='ltr'><strong><em>ἁρμοζούσης</em></strong></span> <span class='ocrx_word' id='word_1_221' title='bbox 1072 3080 1120 3154; x_wconf 88' lang='grc' dir='ltr'><strong><em>εἰς</em></strong></span> 
     </span>
     <span class='ocr_line' id='line_1_29' title="bbox 100 3182 1119 3274; baseline -0.005 -21"><span class='ocrx_word' id='word_1_222' title='bbox 100 3191 160 3266; x_wconf 85' lang='grc' dir='ltr'><strong><em>τάς</em></strong></span> <span class='ocrx_word' id='word_1_223' title='bbox 182 3197 267 3266; x_wconf 87' lang='grc' dir='ltr'><strong><em>ναῦς</em></strong></span> <span class='ocrx_word' id='word_1_224' title='bbox 289 3190 417 3274; x_wconf 87' lang='grc' dir='ltr'><strong><em>δωρεᾶς</em></strong></span> <span class='ocrx_word' id='word_1_225' title='bbox 438 3185 516 3274; x_wconf 86' lang='grc' dir='ltr'><strong><em>παρ’</em></strong></span> <span class='ocrx_word' id='word_1_226' title='bbox 537 3187 689 3274; x_wconf 84' lang='grc' dir='ltr'><strong><em>Εἰράμου</em></strong></span> <span class='ocrx_word' id='word_1_227' title='bbox 708 3194 771 3252; x_wconf 85' lang='grc' dir='ltr'><strong><em>τοῦ</em></strong></span> <span class='ocrx_word' id='word_1_228' title='bbox 793 3188 926 3268; x_wconf 74' lang='grc' dir='ltr'><strong><em>Τυρίων</em></strong></span> <span class='ocrx_word' id='word_1_229' title='bbox 945 3182 1119 3268; x_wconf 78' lang='grc' dir='ltr'><strong><em>βασιλέως·</em></strong></span> 
     </span>
     <span class='ocr_line' id='line_1_30' title="bbox 102 3289 1120 3382; baseline -0.005 -22"><span class='ocrx_word' id='word_1_230' title='bbox 102 3296 213 3380; x_wconf 84' lang='grc'>&lt;164&gt;</span> <span class='ocrx_word' id='word_1_231' title='bbox 231 3296 357 3382; x_wconf 77' lang='grc' dir='ltr'><strong><em>ἄνδρας</em></strong></span> <span class='ocrx_word' id='word_1_232' title='bbox 374 3295 437 3379; x_wconf 84' lang='grc' dir='ltr'><strong><em>γάρ</em></strong></span> <span class='ocrx_word' id='word_1_233' title='bbox 457 3292 545 3381; x_wconf 75' lang='grc' dir='ltr'><strong><em>αὐτῷ</em></strong></span> <span class='ocrx_word' id='word_1_234' title='bbox 559 3293 762 3378; x_wconf 82' lang='grc' dir='ltr'><strong><em>κυβερνήτας</em></strong></span> <span class='ocrx_word' id='word_1_235' title='bbox 779 3289 835 3356; x_wconf 88' lang='grc' dir='ltr'><strong><em>καί</em></strong></span> <span class='ocrx_word' id='word_1_236' title='bbox 848 3301 917 3356; x_wconf 80' lang='grc' dir='ltr'><strong><em>τῶν</em></strong></span> <span class='ocrx_word' id='word_1_237' title='bbox 929 3292 1120 3356; x_wconf 87' lang='grc' dir='ltr'><strong><em>θαλαττίων</em></strong></span> 
     </span>
     <span class='ocr_line' id='line_1_31' title="bbox 176 3428 1117 3502; baseline -0.003 -14"><span class='ocrx_word' id='word_1_238' title='bbox 176 3440 260 3500; x_wconf 78' lang='grc' dir='ltr'><strong><em>ςιοο</em></strong></span> <span class='ocrx_word' id='word_1_239' title='bbox 276 3460 310 3480; x_wconf 89' lang='grc'>-</span> <span class='ocrx_word' id='word_1_240' title='bbox 324 3440 340 3489; x_wconf 80' lang='grc' dir='ltr'><strong><em>ε</em></strong></span> <span class='ocrx_word' id='word_1_241' title='bbox 354 3433 423 3502; x_wconf 74' lang='lat' dir='ltr'>Reg.</span> <span class='ocrx_word' id='word_1_242' title='bbox 439 3431 479 3488; x_wconf 80' lang='lat' dir='ltr'><strong><em>IX</em></strong></span> <span class='ocrx_word' id='word_1_243' title='bbox 493 3437 540 3497; x_wconf 71' lang='grc' dir='ltr'><strong><em>νος</em></strong></span> <span class='ocrx_word' id='word_1_244' title='bbox 559 3429 682 3486; x_wconf 71' lang='grc' dir='ltr'><strong><em>εΡωιι.</em></strong></span> <span class='ocrx_word' id='word_1_245' title='bbox 697 3428 764 3484; x_wconf 82' lang='lat' dir='ltr'><strong><em>vm</em></strong></span> <span class='ocrx_word' id='word_1_246' title='bbox 778 3435 803 3484; x_wconf 83' lang='grc' dir='ltr'><strong><em>ι.</em></strong></span> <span class='ocrx_word' id='word_1_247' title='bbox 872 3429 1117 3500; x_wconf 76' lang='lat' dir='ltr'>§163=3Reg.</span> 
     </span>
     <span class='ocr_line' id='line_1_32' title="bbox 102 3522 488 3590; baseline -0.005 -12"><span class='ocrx_word' id='word_1_248' title='bbox 102 3523 142 3578; x_wconf 85' lang='lat' dir='ltr'><strong><em>IX</em></strong></span> <span class='ocrx_word' id='word_1_249' title='bbox 156 3529 204 3590; x_wconf 76' lang='lat'><strong><em>263</em></strong></span> <span class='ocrx_word' id='word_1_250' title='bbox 224 3529 240 3578; x_wconf 81' lang='lat'>2</span> <span class='ocrx_word' id='word_1_251' title='bbox 255 3522 346 3580; x_wconf 82' lang='lat' dir='ltr'><strong>Paral.</strong></span> <span class='ocrx_word' id='word_1_252' title='bbox 365 3522 431 3576; x_wconf 87' lang='lat' dir='ltr'><strong>VIII</strong></span> <span class='ocrx_word' id='word_1_253' title='bbox 446 3527 488 3576; x_wconf 79' lang='lat'><strong><em>17.</em></strong></span> 
     </span>
    </p>
   </div>
   <div class='ocr_carea' id='block_1_3' title="bbox 0 0 1204 3840">
    <p class='ocr_par' dir='ltr' id='par_1_3' title="bbox 0 0 1204 3840">
     <span class='ocr_line' id='line_1_33' title="bbox 0 0 1204 3840; baseline 0 0"><span class='ocrx_word' id='word_1_254' title='bbox 0 0 1204 3840; x_wconf 95' lang='lat' dir='ltr'><strong><em> </em></strong></span> 
     </span>
    </p>
   </div>
  </div>
 </body>
</html>
