2400 3840
528 134 651 202 ENATH
863 178 864 183 x
1030 129 1095 195 297

78 294 164 357 πολὺ
187 288 225 355 δὲ
247 289 303 356 καὶ
327 291 345 357 ὁ
368 294 541 379 προφήτης
568 291 752 376 ἀπέθανεν,
779 291 864 376 ἀνὴρ
892 289 945 356 ἐπὶ
972 293 1096 358 δικαιο-

79 399 163 482 σύνη
195 399 372 482 διαβόητος
402 396 458 464 καὶ
490 410 644 486 φανερῶς
678 395 904 475 σπουδασθεὶς
939 397 1003 463 ὑπὸ
1036 407 1096 463 τοῦ

78 510 175 569 θεοῦ·
198 505 376 589 θαυμαστά
399 507 463 592 γάρ
481 503 537 570 καὶ
554 504 725 592 παράδοξα
744 506 800 571 διά
818 512 876 588 τῆς
893 506 1097 589 προφητείας

78 607 265 686 ἐπεδείξατο
281 611 372 696 ἔργα,
385 609 442 676 καὶ
456 613 585 696 μνήμης
598 617 749 696 λαμπράς
757 611 846 696 παρά
855 620 926 686 τοῖς
932 607 1097 695 Ἑβραίοις

51 712 274 793 τάξιωθέντα.
324 718 418 802 ἔτυχε
446 715 483 783 δέ
509 716 565 783 καὶ
592 726 700 802 ταφῆς
727 722 1011 802 μεγαλοπρεποῦς,
1040 713 1096 781 καὶ

81 822 152 898 οἵας
180 823 268 898 είκὸς
293 816 337 904 ἦν
359 825 420 889 τὸν
447 823 534 889 οὕτω
561 830 705 909 θεοφιλῆ
735 827 939 908 μεταλαβεῖν.
985 822 1095 905 <183>

80 927 203 1012 συνέβη
228 924 266 992 δὲ
287 931 346 994 καί
365 950 460 1013 ποτε,
487 936 618 1015 ληστῶν
640 941 743 997 τινῶν
770 930 941 1016 ῥιψάντων
967 930 1014 1005 είς
1036 929 1096 993 τὸν

76 1033 266 1100 Ἐλισσαίου
288 1035 397 1119 τάφον
421 1035 461 1102 ὃν
482 1030 569 1118 ἦσαν
592 1036 801 1123 άνηρηκότες,
826 1038 886 1102 τὸν
908 1035 1028 1122 νεκρὸν
1050 1044 1096 1123 τῷ

80 1142 206 1224 σώματι
229 1140 333 1208 αὐτοῦ
355 1140 649 1228 προσκολληθέντα
673 1142 936 1228 ἀναζωπυρῆσαι.

37 1269 64 1308 10
146 1244 202 1311 καὶ
224 1249 264 1312 τὰ
288 1245 350 1332 μὲν
371 1246 447 1334 περὶ
467 1245 655 1315 Ἐλισσαίου
678 1257 739 1314 τοῦ
761 1248 946 1334 προφῆτου,
970 1250 1035 1326 ζῶν
1057 1246 1093 1313 θ’

80 1354 141 1418 ὅσα
168 1365 305 1439 προεῖπε
332 1353 387 1420 καὶ
415 1355 460 1432 ώς
487 1357 567 1441 μετά
598 1356 660 1439 τῆν
687 1354 844 1437 τελευτῆν
876 1355 925 1418 ἔτι
952 1355 1097 1438 δύναμιν

81 1453 147 1542 εἶχε
168 1461 278 1544 θείαν,
301 1460 365 1544 ῆδη
387 1462 632 1550 δεδηλώκαμεν·
657 1461 767 1546 <184>
785 1461 1041 1542 τελευτησαντος
1060 1455 1131 1526 δεῖ

79 1573 140 1629 τοῦ
163 1566 289 1653 Σύρων
313 1565 476 1650 βασιλέως
495 1565 667 1652 Ἀζαῆλου,
695 1569 743 1645 είς
761 1565 908 1632 ’Ἁδαδον
934 1567 994 1631 τὸν
1021 1565 1098 1631 υίὸν

80 1669 184 1738 αὐτοῦ
204 1671 225 1754 η
245 1676 396 1757 βασιλεία
414 1676 642 1760 παραγίνεται,
664 1676 747 1760 πρὸς
766 1671 806 1738 ὃν
825 1672 983 1739 συνάπτει
1001 1673 1097 1737 πόλε-

38 1798 64 1837 15
79 1800 144 1860 μον
168 1775 300 1856 Ἰώασος
331 1779 350 1845 δ
381 1790 450 1845 τῶν
477 1776 689 1866 Ἰσραηλιτῶν
721 1779 891 1863 βασιλεύς,
921 1776 977 1842 καὶ
1009 1774 1097 1863 τρισὶ

79 1882 199 1967 μάχαις
216 1885 354 1967 νικήσας
372 1884 475 1951 αὐτὸν
493 1884 648 1968 άφείλετο
669 1883 730 1966 τὴν
747 1885 860 1969 χώραν
879 1883 1020 1965 άπασαν,
1041 1879 1097 1946 καὶ

80 1988 160 2065 ὅσας
187 1988 205 2054 ὁ
233 1990 340 2077 πατὴρ
368 1989 471 2056 αὐτοῦ
496 1987 649 2075 Ἀζάηλος
674 1991 787 2066 πόλεις
818 1986 873 2052 καὶ
900 1988 1011 2071 κώμας
1040 1995 1098 2071 τῆς

77 2091 290 2180 Ἰσραηλιτῶν
304 2100 473 2182 βασιλείας
486 2095 660 2183 παρέλαβε.
697 2103 795 2162 τούτο
814 2093 927 2181 μέντοι
940 2093 1022 2159 κατά
1036 2093 1098 2176 τῆν

78 2197 266 2268 Ἐλισσαίου
288 2207 495 2290 προφητείαν
516 2201 655 2286 ἐγένετο.
696 2202 804 2287 <185>
828 2198 899 2268 ἐπεὶ
918 2198 956 2266 δὲ
974 2196 1097 2284 συνέβη

37 2328 65 2368 20
80 2304 134 2371 καὶ
156 2305 291 2374 Ἰώασον
314 2308 510 2394 ἀποθανεῖν,
533 2308 551 2375 δ
575 2307 637 2395 μὲν
659 2307 697 2375 ἐν
717 2311 892 2396 Σαμαρείᾳ
913 2307 1097 2391 κηδεύεται,

80 2418 207 2497 καθῆκε
231 2411 262 2477 δ’
289 2416 337 2492 είς
355 2412 566 2501 Ἱεροβόαμον
588 2417 648 2482 τὸν
671 2416 750 2482 υίδν
773 2415 876 2481 αὐτοῦ
898 2414 920 2497 ἡ
943 2414 1036 2501 ἀρχῆ.

147 2519 258 2604 <186>
285 2518 428 2609 δευτέρῳ
452 2517 483 2584 δ’
509 2522 575 2585 έτει
596 2529 655 2604 τῆς
674 2518 810 2586 Ἰωάσου
835 2523 1004 2604 βασιλείας
1030 2518 1136 2584 τῶν9

78 2623 300 2709 Ἰσραηλιτῶν,
322 2624 534 2710 ἐβασίλευσεν
549 2623 705 2710 Ἀμασίας
722 2634 781 2708 τῆς
796 2623 905 2689 Ἰούδα
928 2629 1038 2707 φυλῆς
1061 2622 1098 2689 ἐν

77 2728 333 2816 Ἰεροσολύμοις,
356 2732 478 2817 μητρὸς
501 2730 549 2799 ών
568 2727 725 2813 Ἰώδαδῆς
747 2729 905 2812 τούνομα,
927 2727 1098 2805 πολίτιδος

38 2856 64 2896 25
81 2833 118 2901 δὲ
137 2839 174 2902 τὸ
198 2835 304 2920 μένος.
341 2844 543 2923 θαυμαστῶς
565 2833 603 2901 δὲ
620 2844 681 2901 τοῦ
700 2836 833 2900 δικαίου
850 2836 1020 2921 προυνόει,
1041 2831 1098 2898 καὶ

79 2951 182 3008 ταῦτα
210 2941 286 3028 νέος
314 2945 370 3010 ών.
416 2943 595 3030 παρελθών
626 2939 656 3006 δ’
687 2939 742 3007 ἐπὶ
771 2942 811 3006 τά
839 2940 1015 3027 πράγματα
1041 2937 1097 3004 καὶ

78 3048 141 3130 τὴν
173 3049 279 3136 ύρχῆν
311 3053 396 3134 ἔγνω
427 3052 500 3116 δεῖν
530 3058 664 3135 πρῶτον
688 3045 809 3138 Ἰωάσῳ
836 3055 1020 3133 τιμωρῆσαι
1053 3054 1097 3134 τῷ

79 3153 179 3239 πατρὶ
216 3153 272 3220 καὶ
304 3160 382 3234 τοὺς
414 3153 632 3241 ἐπιθεμένους
668 3153 757 3244 αύτῷ
793 3156 915 3238 φίλους
950 3152 1097 3218 κολάσαι.

79 3261 199 3347 <187>
226 3260 282 3327 καὶ
308 3265 447 3340 τούτους
469 3259 531 3348 μὲν
553 3262 729 3346 συλλαβὼν
756 3261 902 3337 ἅπαντας
928 3257 1098 3343 ἐφόνευσε,

154 3407 168 3467 ξ
186 3405 236 3456 182
248 3407 309 3456 =4
323 3401 393 3471 Reg.
407 3400 472 3456 XHI
486 3407 528 3456 20.
602 3406 617 3467 9
634 3405 684 3456 186
695 3405 756 3454 ·-4
769 3398 839 3468 Reg.
853 3397 918 3453 XIV
929 3405 958 3465 13
977 3397 1096 3453 2Paral.

80 3487 159 3541 XXV
175 3495 198 3543 1.
