2400 3840
84 142 149 208 222
451 135 725 191 ιεεειοεοειεε

85 306 203 391 ρουχίηι
225 304 358 389 πρώτας
380 300 586 391 ᾠκοδόμησε,
612 298 832 364 κατεσκεύασε
862 294 906 363 δὲ
934 296 993 364 καὶ
1020 300 1134 384 άλλας

84 410 229 496 μεγάλας
258 408 295 475 έν
323 418 363 494 τῇ
393 407 602 492 Βενιαμίτιδι
633 407 826 493 κληρουχίᾳ.
880 403 942 470 καὶ
975 407 1111 489 τειχίσας

85 518 238 603 φρουράς
255 540 290 582 τε
308 513 506 599 κατέστησεν
524 511 562 579 έν
580 512 723 590 άπάσαις
739 509 796 578 καὶ
815 510 1002 597 ἡγεμόνας,
1027 513 1111 578 σῖτόν

85 648 121 690 τε
143 621 329 690 πολύνκαὶ
352 615 448 688 οἶνον
474 617 530 686 καὶ
557 621 672 686 ἔλαιον
698 618 739 684 τά
760 615 790 684 τ’
817 619 908 696 άλλα
937 620 1027 705 πρὸς
1049 620 1111 683 δια·
1141 656 1142 661 1

86 731 216 817 τροφὴν
239 729 276 795 ἐν
299 727 418 814 ἑκάστη
441 738 509 793 τῶν
529 728 660 793 πόλεων
678 727 830 805 δαψιλῶς
848 723 1016 810 ἀπέθετο,
1038 727 1128 810 πρδςλ

86 834 124 903 δὲ
151 839 281 912 τούτοις
308 837 456 922 θυρεοὺς
481 830 538 899 καὶ
565 831 783 919 σειρομάστας
810 833 862 909 είς
894 833 1031 910 πολλάς
1059 855 1111 916 μυ

87 943 212 1028 ριάδας.
258 942 368 1025 <248>
392 945 566 1025 συνῆλθον
585 936 616 1004 δ’
638 939 674 1005 os
689 938 778 1024 παρά
795 947 879 1003 πάσι
898 950 979 1016 τοῖς
995 937 1110 1024 Ἰσραη·

86 1053 192 1124 λίταις
215 1047 314 1131 ίερείς
337 1050 421 1133 πρὸς
443 1047 547 1113 αὐτὸν
573 1049 621 1124 είς
639 1043 852 1132 Ἱεροσόλυμα
878 1043 942 1110 καὶ
968 1050 1110 1126 Λευῖται,

85 1152 140 1219 καὶ
163 1159 197 1218 εί
215 1176 303 1231 τινες
325 1155 420 1219 άλλοι
447 1161 509 1219 τοῦ
530 1154 684 1236 πλήθους
711 1146 797 1236 ἦσαν
824 1150 960 1234 ἀγαθοὶ
989 1150 1046 1218 καὶ
1068 1153 1109 1216 δί-

85 1283 185 1344 καιοι,
207 1263 443 1337 καταλιπόντες
465 1259 577 1325 αὑτῶν
594 1260 653 1337 τάς
670 1260 794 1342 πόλεις,
816 1257 874 1322 ἵνα
895 1261 1138 1344 θρησκεύσω-ιι

87 1384 142 1433 σιν
170 1367 208 1434 ἐν
230 1366 471 1456 Ἱεροσολύμοις
497 1368 557 1432 τὸν
584 1369 681 1432 θεόν·
714 1365 755 1431 ού
787 1364 851 1449 γάρ
881 1363 999 1447 ἡδέως
1027 1361 1110 1452 εἶχον

85 1485 287 1559 προσκυνεῖν
305 1475 563 1557 ἀναγκαζόμενοι
582 1473 640 1548 τὰς
659 1471 826 1556 δαμάλεις,
845 1468 887 1546 δὶς
899 1466 1111 1558 Ἱεροβόαμος

85 1581 311 1644 κατεσκεύασε.
360 1576 416 1644 καὶ
448 1576 596 1661 ηὔξησαν
626 1577 688 1660 τὴν
717 1574 899 1661 Ῥοβοάμου
935 1581 1111 1661 βασιλείαν

86 1681 136 1748 ἐπ’
163 1685 217 1767 ἔτη
236 1686 293 1770 τρί
314 1732 321 1748 .
368 1684 477 1768 <249>
495 1685 602 1768 γημας
620 1679 657 1748 δὲ
676 1691 821 1766 συγγενῆ
844 1683 922 1748 τινά
946 1682 1008 1749 καὶ
1027 1696 1111 1771 τρεῖς

85 1790 307 1877 ποιησάμενος
330 1789 363 1870 έξ
386 1790 488 1874 αὐτῆς
510 1791 646 1873 παῖδας,
672 1791 770 1873 ἤγετο
797 1789 940 1874 ὕστερον
970 1789 1032 1856 καὶ
1053 1791 1140 1874 τὴνιε

87 1897 122 1964 ἐκ
158 1908 217 1984 τῆς
250 1896 479 1984 Ἀβεσαλάμου
515 1899 686 1984 θυγατρὸς
723 1896 897 1982 Θαμάρης,
938 1898 1110 1983 Μαχάνην

87 2008 206 2091 όνομα,
234 2003 290 2071 καὶ
313 2006 418 2090 αὐτὴν
441 1999 546 2071 οὖσαν
571 2012 729 2088 συγγενῆ·
757 2000 812 2069 καὶ
839 2012 918 2080 παῖς
941 2004 1056 2091 ἄρρην
1078 2001 1108 2082 ἐξ

86 2112 188 2193 αὐτῆς
206 2111 295 2198 αύτῷ
314 2116 451 2194 γίνεται,
472 2111 513 2177 δν
529 2110 642 2196 Ἀβίαν
662 2112 917 2197 προσηγόρευσε.
954 2110 1060 2177 τέκνα
1077 2107 1105 2175 δ’

86 2209 153 2296 εἶχε
175 2212 230 2277 καὶ
254 2214 287 2292 ἐξ
310 2217 421 2280 άλλων
440 2227 609 2297 γυναικῶν
629 2219 805 2300 πλειόνων,
828 2225 946 2281 πασῶν
970 2215 1011 2283 δὲ
1030 2223 1107 2304 μᾶλ-

86 2324 146 2383 λον
165 2318 293 2403 ἔστερξε
310 2319 372 2401 την
385 2321 562 2403 Μαχάνην.
599 2321 709 2405 <250>
724 2317 790 2407 εἶχε
805 2319 841 2387 δὲ
855 2323 914 2399 τάς
932 2319 997 2407 μὲν
1017 2329 1106 2413 νόμῳ
1118 2341 1140 2382 2⁰

86 2425 306 2502 συνοικούσας
328 2424 417 2515 αὐτῷ
440 2437 600 2508 γυναῖκας
620 2426 853 2512 ὀκτωκαίδεκα,
875 2432 1050 2509 παλλακάς
1072 2426 1107 2495 δὲ
1129 2467 1131 2470 -

85 2531 275 2618 τριάκοντα·
301 2530 357 2599 καὶ
379 2531 449 2600 υίοὶ
471 2529 533 2619 μὲν
555 2532 643 2623 αύτῷ
667 2537 849 2618 γεγόνεσαν
871 2534 957 2601 ὀκτὼ
981 2535 1040 2602 καὶ
1063 2541 1106 2602 εί-

85 2657 170 2726 κοσι,
188 2639 373 2730 θυγατέρες
392 2641 422 2708 δ’
444 2641 610 2726 ἑξήκοντα.
647 2642 806 2726 διάδοχον
825 2639 855 2706 δ’
877 2639 1031 2720 ἀπέδειξε
1050 2651 1105 2727 τῆς

81 2751 256 2831 ’βασιλείας
273 2751 335 2833 τὴν
353 2749 389 2815 ἐκ
407 2758 466 2834 τῆς
483 2751 648 2835 Μαχάνης
665 2747 787 2833 Ἀβίαν,
805 2744 861 2813 καὶ
879 2750 958 2824 τοὺς
976 2755 1104 2832 θησαυ-

86 2857 167 2939 ροὺς
190 2855 278 2942 αὐτῷ
301 2854 356 2920 καλ
379 2857 437 2932 τάς
460 2856 670 2942 ὀχυρωτάτας
692 2856 804 2931 πόλεις
828 2851 1030 2920 ἐπίστευσεν.
1116 2869 1139 2912 2⁵

51 2977 66 3024 ν
152 2960 262 3043 <251>
281 2965 389 3025 αίτιον
408 2958 452 3042 δ’,
472 2957 574 3044 οἶμαι,
592 2961 751 3037 πολλάκις
769 2963 895 3042 γίνεται
918 2972 1031 3026 κακῶν
1049 2960 1103 3027 καὶ

85 3067 294 3152 παρανομίας
315 3076 386 3140 τοϊς
408 3064 602 3149 ἀνθρώποις
628 3069 666 3132 τὸ
690 3078 757 3133 τῶν
783 3068 986 3153 πραγμάτων
1009 3067 1103 3152 μέγε-

86 3178 149 3248 θος
171 3168 226 3236 καὶ
248 3169 269 3253 ἡ
292 3169 375 3253 πρὸς
397 3171 435 3234 τὸ
453 3166 585 3251 βέλτιον
604 3171 715 3237 αὐτῶν
738 3173 831 3259 ῥοπη.
877 3173 938 3256 την
957 3175 1021 3259 γάρ
1044 3178 1102 3256 βα-

87 3280 215 3343 σιλείαν
237 3273 465 3358 αὐξανομένην
493 3274 579 3340 οὕτω
607 3276 739 3360 βλέπων
758 3277 933 3364 Ῥοβόαμος
959 3281 1007 3356 είς
1031 3279 1102 3344 άδί-

157 3419 243 3480 §24⁷
263 3441 296 3460 =
317 3421 332 3468 λ
351 3411 443 3470 Paral.
462 3413 500 3466 XI
521 3420 568 3469 10.-
676 3421 690 3482 ξ
710 3420 757 3469 251
787 3442 819 3461 =
844 3424 860 3471 3
881 3420 947 3487 Reg.
968 3418 1034 3472 XIV
1054 3425 1100 3483 223

85 3500 206 3557 2Paral.
223 3502 274 3555 XII
290 3509 313 3558 1.
