2400 3840
120 139 187 205 312
492 138 765 192 Apmvorm

119 302 270 383 ὑπῆκοον
293 299 483 383 ἐποιήσατο,
510 297 566 364 καὶ
589 300 717 385 φόρους
740 296 903 377 ἐπέταξεν
931 300 1025 389 αὐτῷ
1048 307 1143 366 τελεῖν

121 406 336 492 ὡρισμένους.
386 406 504 488 <260>
538 407 603 470 ἐτει
635 401 673 469 δὲ
704 405 850 492 τετάρτφ
884 415 951 489 τῆς
983 409 1144 490 βασιλείας

116 514 239 597 Ὠσήου
263 512 476 597 ἐβασίλευσεν
495 509 637 589 Ἐζεκίας
664 509 701 575 ἐν
720 508 990 596 Ἱεροσολύμοις,
1015 511 1143 598 Ἀχάζου

120 622 194 697 υίὸς
220 616 275 684 καὶ
300 616 411 702 Ἀβίας
438 616 539 700 ἀστῆς
564 618 602 682 τὸ
629 614 735 699 γένος.
786 618 892 700 φύσις
923 616 958 682 δ’
988 615 1035 702 ῆν
1064 621 1143 707 αὐτῷ

120 726 244 812 χρηστὴ
267 723 322 790 καί
347 726 458 790 δικαία
476 721 530 788 καὶ
549 724 725 808 θεοσεβῆς·
748 718 939 810 οὐδὲνγὰρ
959 727 1047 792 ἀλλο
1065 736 1159 811 πρῶ-ι

120 856 180 898 τον
208 834 256 909 είς
282 832 343 914 τῆν
370 832 542 916 βασιλείαν
570 828 750 915 παρελθὼν
777 826 849 894 οὔτ’
881 827 1143 917 ἀναγκαιότερον
1198 864 1200 927 χ

121 940 198 1004 οῦτε
222 937 482 1022 συμφορώτερον
510 936 599 1022 αὑτῷ
625 959 661 1000 τε
688 932 744 999 καὶ
765 946 836 1012 τοῖς
859 934 1069 1021 ἀρχομένοις
1089 939 1142 1003 ῦπ-

121 1044 218 1128 ἐλαβε
241 1051 301 1107 τοῦ
324 1042 525 1126 θρησκεύειν
546 1042 607 1106 τὸν
629 1044 724 1123 θεόν,
747 1040 831 1106 ἀλλὰ
851 1043 1071 1124 συγκαλέσας
1091 1045 1142 1109 τὸν

122 1150 204 1214 λαὸν
231 1144 286 1212 καί
313 1149 392 1223 τοὺς
421 1149 521 1233 ἱερεῖς
541 1144 597 1212 καί
620 1151 698 1225 τοὺς
720 1150 864 1223 Λευίτας
892 1146 1141 1238 ἐδημηγόρησεν

122 1253 159 1319 ἐν
182 1252 296 1332 αὐτοῖς
318 1252 426 1336 λέγων
448 1254 558 1338 (261)
581 1252 656 1319 ὀῦκ
676 1252 825 1336 ἀγνοεῖτε
849 1250 912 1338 μὲν
935 1255 987 1334 ὡς
1012 1258 1071 1322 διδ
1091 1257 1141 1332 τὰς
1151 1272 1167 1313 1⁰

122 1360 322 1447 τοῦπατρὸς
340 1360 501 1447 ἁμαρτίας
518 1359 654 1444 τούμοῦ,
671 1357 883 1446 παραβάντος
901 1360 967 1443 τῆν
985 1366 1075 1449 πρὸς
1091 1365 1141 1429 τὸν

121 1469 206 1533 θεὸν
229 1468 326 1534 ὁσίαν
352 1467 493 1550 [τιμῆν],
520 1471 654 1531 πολλῶν
680 1464 876 1551 ἐπειράθητε
903 1464 961 1530 καὶ
991 1471 1141 1552 μεγάλου

119 1584 241 1656 κακῶν,
260 1574 504 1657 διαφθαρέντες
522 1569 578 1636 ὑπ’
601 1570 704 1636 αὐτοῦ
722 1571 783 1654 τῆν
802 1571 969 1656 διάνοιαν,
989 1573 1049 1640 καὶ
1069 1575 1141 1641 ἀνα-

119 1676 323 1762 πεισθέντες,
347 1677 406 1755 οῦς
428 1677 529 1754 αὐτὸς
551 1676 742 1762 ἐδοκίμαζεν
765 1672 851 1742 εἶναι
873 1679 991 1763 θεούς,
1014 1682 1141 1756 τούτοις
1190 1676 1191 1680 ’

119 1794 330 1868 προσκυνεῖν.
377 1785 495 1868 (262)
522 1794 675 1871 παραινῶ
698 1781 729 1847 δ’
754 1783 850 1868 ὑμῖν,
877 1785 965 1872 ἐργφ
992 1811 1084 1873 μεμα
1128 1800 1169 1842 -1⁵

119 1892 216 1956 κόσιν
239 1891 284 1969 ὡς
303 1894 376 1957 ’ἔστι
400 1892 514 1956 δεινὸν
536 1892 574 1956 τὸ
598 1891 741 1975 ἀσεβεῖν,
766 1891 887 1955 τούτου
909 1886 973 1974 μὲν
996 1893 1066 1978 ἤδη
1089 1895 1141 1976 λῆ-
1184 1960 1187 1965 Α

121 2002 190 2078 θην
212 2001 428 2081 ποιήσασθαι,
450 2004 598 2084 καθῆραι
621 1994 652 2061 δ’
674 1997 796 2073 αὑτοὺς
818 1995 853 2061 ἐκ
876 2006 945 2060 τῶν
967 1999 1142 2087 προτέρων

120 2105 327 2187 μιασμάτων,
357 2106 435 2179 τούς
460 2100 496 2169 θ’
529 2091 627 2190 ίερεῖς
653 2100 708 2167 καὶ
736 2105 880 2179 Λευίτας
912 2109 1142 2182 συνελθόντας

120 2207 226 2283 οὕτως
253 2206 385 2283 ἀνοῖξαί
409 2232 444 2272 τε
467 2210 504 2272 τὸ
529 2210 621 2293 ίερὸν
647 2205 702 2273 καὶ
724 2211 937 2295 καθάραντας
960 2210 1045 2276 αὐτὸ
1070 2224 1142 2288 ταῖς

120 2311 153 2388 ἐξ
182 2314 284 2387 ἔθους
310 2314 447 2387 θυσίαις
474 2315 521 2388 είς
548 2313 610 2395 τῆν
637 2313 778 2398 ἀρχαίαν
805 2313 860 2381 καὶ
887 2314 1030 2397 πάτριον
1063 2317 1176 2384 ἀνα-νο

119 2415 324 2482 καλέσασθαι
343 2418 454 2502 τιμῆν·
479 2417 565 2483 οὕτω
584 2419 647 2505 γάρ
667 2418 709 2484 ἀν
727 2421 787 2485 τὸν
805 2424 889 2488 θεὸν
908 2420 1029 2506 εὐμενῆ
1046 2425 1143 2507 ποιῆ-

121 2541 249 2609 σαιμεν,
273 2522 399 2609 ἀφέντα
422 2525 483 2608 τὴν
506 2523 632 2612 ὀργῆν.’
826 2520 828 2522 ’

85 2647 101 2694 2
188 2633 295 2716 <263>
320 2630 411 2699 ταῦτ’
434 2635 586 2710 εἰπόντος
607 2642 668 2698 τοῦ
691 2632 852 2717 βασιλέως
874 2635 910 2698 οί
929 2636 1028 2720 ίερεῖς
1047 2635 1142 2701 ἀνοί-

123 2743 224 2820 γουσί
244 2764 278 2805 τε
302 2743 338 2806 τὸ
362 2742 469 2826 ίερόν,
492 2738 547 2805 καὶ
571 2739 760 2818 ἀνοίξαντες
782 2741 822 2804 τά
845 2741 944 2822 σκεύη
969 2749 1030 2805 τοῦ
1053 2749 1142 2808 θεοῦ

120 2844 333 2933 ηῦτρέπισαν,
356 2845 410 2913 καὶ
433 2848 473 2911 τά
497 2847 663 2932 μιάσματα
686 2845 880 2931 ἐκβαλόντες
902 2847 961 2923 τάς
984 2845 1017 2925 ἐξ
1038 2850 1143 2927 ἔθους
1155 2864 1180 2905 2⁵

120 2961 166 3038 τῷ
190 2956 289 3040 βωμῷ
312 2955 435 3028 θυσίας
459 2936 630 3038 ἐπέφερον.
677 2951 863 3038 διαπέμψας
886 2950 916 3017 δ’
941 2953 959 3019 ὁ
982 2957 1143 3037 βασιλεὺς

121 3058 170 3132 είς
192 3058 254 3141 τὴν
276 3055 332 3123 ὑπ’
355 3057 458 3121 αὐτὸν
475 3057 597 3139 χώραν,
620 3056 771 3125 ἀνεκάλει
793 3061 853 3125 τὸν
875 3061 957 3125 λαὸν
979 3062 1026 3136 είς
1041 3058 1142 3146 Ἱερο-

121 3164 249 3247 σόλυμα
277 3162 338 3245 τὴν
366 3172 433 3227 τῶν
461 3160 592 3243 ἀζύμων
624 3160 742 3247 ἑορτῆν
769 3163 902 3243 ἄξοντα·
935 3168 1043 3231 πολὺν
1075 3170 1141 3253 γάρ

122 3265 304 3334 ἐκλελοίπει
327 3270 450 3353 χρόνον
469 3266 525 3329 διά
543 3267 601 3343 τὰς
621 3278 689 3332 τῶν
706 3269 955 3356 προειρημένων
973 3272 1141 3356 βασιλέων

119 3378 337 3458 παρανομίας.
391 3371 514 3454 <264>
547 3371 650 3437 ἐέααέν
784 3371 820 3440 δὲ
855 3374 910 3441 καὶ
944 3381 1028 3464 πρὸς
1059 3383 1180 3457 τοῦςῖθ

192 3499 273 3558 §260
293 3520 327 3539 =
346 3493 426 3548 4Re·
862 3503 885 3552 ¹.
