2400 3840
558 113 681 164 ENATH
1060 111 1125 176 313

100 271 324 357 Ἰσραηλίτας,
350 274 617 360 προτρεπόμενος
643 271 766 349 αὐτοὺς
792 270 937 356 ἀφέντας
964 273 1024 336 τὸν
1051 274 1125 358 ἀρτι

104 382 188 463 βίον
210 381 257 455 είς
279 379 341 462 τήν
360 378 500 464 ἀρχαίαν
519 378 717 445 ἐπανελθεῖν
737 380 921 461 συνήθειαν
940 376 997 442 καὶ
1016 375 1128 460 σέβειν

103 486 171 550 τὸν
194 487 290 548 θεόν·
307 482 374 549 ’καὶ
400 487 463 572 γάρ
492 484 678 572 ἐπιτρέπειν
705 484 819 560 αὐτοῖς
845 481 1127 569 παραγενομένοις

104 593 158 668 είς
173 589 383 677 Ἱεροσόλυμα
402 591 463 674 τήν
480 602 549 657 τῶν
567 592 700 676 ἀζύμων
718 592 813 673 ἀγειν
831 588 950 676 ἑορτήν
968 587 1025 654 καὶ
1044 606 1126 675 συμ-

70 699 346 783 5πανηγυρίζειν
372 697 495 774 αὐτοῖς.
545 707 647 763 ταῦτα
677 695 708 762 δ’
740 700 830 778 ἔλεγε
858 708 1035 783 παραινεῖν
1065 695 1125 780 οὐχ

104 805 198 880 ὅπως
220 803 433 869 ὑπακούωσιν
452 802 551 892 αὐτῷ,
574 807 605 870 εί
621 804 665 889 μή
683 803 834 886 θέλουσι,
857 812 917 868 τοῦ
937 801 967 867 δ’
990 802 1126 868 ἐκείνων

104 906 339 995 συμφέροντος
362 911 471 976 ἕνεκα·
494 914 677 997 μακαρίους
693 912 757 995 γὰρ
777 913 923 975 έσεσθαι.
964 911 1074 993 <265>
1093 910 1128 973 οί

105 1014 140 1079 δ’
164 1013 372 1100 Ἰσραηλῖται,
395 1015 675 1104 παραγενομένων
701 1028 769 1082 τῶν
795 1016 967 1101 πρέσβεων
989 1014 1044 1080 καὶ
1068 1017 1126 1097 δη-

106 1122 289 1188 λωσάντων
303 1123 417 1200 αὐτοῖς
430 1125 470 1188 τά
488 1124 577 1210 παρὰ
594 1133 655 1188 τοῦ
670 1125 759 1189 ίδίου
776 1122 947 1209 βασιλέως,
966 1123 1007 1188 ού
1020 1127 1126 1208 μόνον

57 1252 89 1292 ιο
106 1226 171 1292 οὐκ
194 1226 411 1314 ἐπείσθησαν,
437 1229 520 1296 ἀλλά
542 1227 598 1294 καὶ
620 1232 699 1307 τοὺς
720 1227 875 1316 πρέσβεις
897 1229 942 1305 ὡς
964 1229 1127 1313 ἀνοήτους

106 1334 336 1418 διεχλεύασαν,
353 1334 409 1400 καὶ
428 1338 506 1413 τοὺς
519 1338 691 1421 προφήτας
705 1334 735 1401 δ’
754 1336 876 1421 ὁμοίως
891 1345 994 1400 ταῦτα
1008 1359 1126 1420 παραι-

104 1449 262 1523 νοῦντας,
280 1438 335 1505 καὶ
353 1441 577 1526 προλέγοντας
593 1443 798 1509 δπείσονται
817 1443 860 1527 μή
875 1440 1125 1527 μετατιθέμενοι

105 1548 192 1631 πρὸς
215 1545 276 1628 τήν
300 1546 472 1632 εὐσέβειαν
489 1558 550 1613 τοῦ
567 1555 653 1613 θεοῦ
671 1547 840 1631 διέπτυον,
862 1546 917 1613 καὶ
936 1554 1127 1614 τελευταῖον

107 1654 331 1736 συλλαβόντες
343 1653 472 1735 ,αὐτοὺς
489 1652 694 1719 ἀπέκτειναν.
733 1655 842 1737 <266>
859 1652 915 1720 καὶ
934 1652 1013 1719 οὐδὲ
1031 1653 1127 1739 μέχρι

62 1783 91 1823 15
107 1759 238 1825 τούτων
261 1757 375 1836 αὐτοῖς
401 1761 519 1846 ήρκεσε
541 1768 808 1846 παρανομοῦσιν,
835 1760 918 1825 ἀλλά
945 1758 1000 1825 καὶ
1027 1764 1126 1846 χείρω

105 1878 175 1931 τῶν
197 1863 447 1951 προειρημένων
471 1865 681 1949 ἐπενοοῦντο,
703 1863 758 1929 καὶ
782 1865 823 1930 οὐ
845 1867 1009 1951 πρότερον
1027 1864 1126 1930 έπαύ-

106 1989 209 2036 σαντο
236 1969 318 2057 πρὶν
344 1971 365 2054 ή
390 1979 460 2049 τοῖς
486 1975 657 2056 πολεμίοις
685 1971 806 2048 αὐτούς
834 1970 1041 2055 ἀμυνόμενος
1067 1980 1127 2055 τής

107 2078 260 2161 ἀσεβείας
288 2079 305 2145 ὁ
328 2081 410 2156 θεὸς
438 2077 592 2162 ἐποίησεν
618 2079 840 2163 ὑποχειρίους.
884 2075 939 2142 καὶ
966 2075 1042 2162 περὶ
1065 2073 1127 2161 μέν

106 2185 236 2248 τούτων
267 2179 369 2262 αὖθις
401 2186 608 2270 δηλώσομεν,
639 2186 755 2268 <267>
783 2181 901 2250 πολλοὶ
929 2183 1041 2269 μέντοι
1068 2193 1127 2267 τῆς

65 2312 93 2351 το
107 2292 368 2373 Μανασσήτιδος
398 2298 507 2377 φυλῆς
533 2290 589 2357 καὶ
618 2296 839 2377 Ζαβουλῦνος
852 2289 920 2356 ,καὶ
944 2289 1126 2379 Ἰσαγόρου,

107 2395 302 2475 πεισθέντες
324 2389 375 2475 οἷς
398 2399 433 2462 οί
452 2408 621 2484 προφήται
646 2397 852 2485 παρῄνεσαν,
881 2401 928 2475 είς
956 2397 1127 2483 εὐσέβειαν

108 2503 338 2586 μετεβάλοντο.
383 2502 438 2568 καὶ
467 2498 559 2569 οὗτοι
587 2505 708 2580 πάντες
735 2508 783 2580 είς
806 2503 1018 2589 Ἱεροσόλυμα
1044 2507 1127 2591 πρὸς

107 2606 253 2686 Ἐζεκίαν
276 2608 497 2693 συνέδραμον,
521 2609 609 2685 ὅπως
631 2618 676 2696 τῷ
699 2615 769 2696 θεῷ
792 2609 1077 2692 προσκυνήσωσιν.

176 2715 285 2798 <268>
309 2713 522 2800 ἀφικομένων
545 2710 583 2779 δὲ
604 2714 732 2778 τούτων
760 2712 777 2778 ὁ
801 2714 957 2796 βασιλεὺς
976 2710 1161 2796 Ἐζεκίας,3

68 2841 94 2880 τε
109 2819 236 2904 ἀναβὰς
260 2823 307 2897 είς
329 2822 367 2886 τὸ
392 2821 483 2906 ἱερὸν
506 2819 586 2904 μετά
608 2828 676 2883 τῶν
698 2817 871 2902 ἡγεμόνων
891 2815 946 2880 καὶ
964 2825 1024 2881 τοῦ
1044 2823 1127 2882 λαοῦ

109 2929 248 3010 παντός,
276 2928 400 2992 ἔθυσεν
426 2923 509 3013 ὑπὲρ
538 2925 641 2991 αὑτοῦ
664 2925 808 3011 ταύρους
834 2921 913 2989 ἕπτά
936 2919 991 2987 καὶ
1014 2926 1128 3009 κριοὺς

108 3034 291 3110 τοσούτους
307 3030 363 3097 καὶ
384 3033 487 3117 ἄρνας
506 3029 585 3097 έπτά
603 3028 658 3096 καὶ
677 3029 816 3115 ἐρίφους
833 3030 1021 3105 τοσούτους.
1059 3028 1128 3094 ε’πι-

108 3137 228 3216 θέντες
251 3136 288 3203 δὲ
311 3140 370 3215 τάς
391 3149 503 3306 χεῖὶρας
525 3149 597 3214 ταῖς
615 3143 775 3222 κεφαλαῖς
793 3147 861 3202 τῶν
879 3136 1010 3221 ίερείων
1028 3133 1127 3212 αύτός

109 3242 144 3310 θ’
174 3245 191 3311 ὁ
215 3245 371 3329 βασιλεὺς
393 3239 489 3307 καὶο
472 3243 507 3307 οἱ
519 3241 686 3432 ηγεμόνες
708 3254 778 3318 τοῖς
800 3242 923 3326 ίερεῦσι
942 3246 1128 3327 καλλιερεῖν

65 3370 95 3412 οο
110 3350 249 3435 έφήκαν.
289 3350 399 3434 <269>
421 3346 518 3413 κοιο
580 3345 746 3413 δνέθυόν
768 3371 803 3412 τε
826 3343 882 3411 καὶ
905 3347 1127 3432 ὡλοκαύτουν,

182 3476 319 3538 62655
338 3469 461 3524 2Paral
475 3468 552 3522 XXX
567 3477 591 3524 6
