2400 3840
528 153 675 205 AEKATH
1042 154 1108 220 373

84 312 200 377 λεύειν
223 310 419 396 μέλλοντας,
446 314 484 379 τὸ
508 311 539 377 δ’
566 315 705 398 έσχατου
730 312 829 399 κέρας
852 318 1026 399 σημαίνειν
1048 294 1108 382 τόν

85 420 228 501 ἔσχατον
247 415 395 502 βασιλέα,
417 427 538 485 τοῦτον
557 420 620 505 γάρ
639 420 780 486 διοίσειν
798 419 955 487 ἁπάντων
975 424 1107 512 πλούτῳ

84 521 202 592 τεκαὶ
226 524 315 610 δόξη.
351 526 460 608 <273>
483 527 544 591 τὸν
566 520 605 590 δέ
627 525 752 612 τράγον
774 526 901 609 δηλοῦν
923 527 968 604 ὡς
990 526 1022 606 έξ
1037 525 1107 593 Ἑλ-

84 632 201 713 λήνων
227 654 279 709 τις
305 633 492 717 βασιλεύων
519 634 625 717 ἔσται,
653 632 691 710 ὃς
716 642 762 722 τῷ
785 632 901 720 Πέρση
928 635 1107 719 συμβαλὼν

56 734 140 813 εδὶς
162 739 318 823 κρατήσει
340 746 380 824 τή
404 739 491 824 μάχη
512 737 569 805 ’καὶ
591 741 820 826 παραλήψεται
842 741 904 824 τήν
925 741 1107 826 ἡγεμονίαν

84 845 228 910 ἅπασαν.
265 845 374 929 <274>
393 846 581 928 δηλοῦσθαι
599 842 630 911 δ’
645 847 712 912 ὑπὸ
728 855 789 912 τοῦ
807 848 953 932 μεγάλου
970 845 1107 933 κέρατος

83 959 147 1015 τοῦ
171 949 207 1015 έν
229 960 275 1038 τῷ
303 953 440 1041 μετώπῳ
466 960 529 1017 τοῦ
556 952 683 1038 τράγου
710 955 771 1020 τὸν
797 965 932 1041 πρῶτον
958 953 1106 1039 βασιλέα,

83 1053 141 1122 καὶ
165 1056 227 1139 τήν
248 1066 317 1123 τῶν
338 1058 505 1145 τεττάρων
532 1045 787 1144 ἀναβλάστησιν
806 1059 1000 1140 ἐκπεσόντος
1026 1060 1107 1127 έκεί-

83 1188 150 1229 νου
172 1160 227 1228 nal
249 1165 312 1248 τήν
334 1167 418 1252 πρὸς
439 1166 480 1230 τὰ
502 1163 642 1252 τέτταρα
667 1169 809 1251 κλίματα
831 1175 890 1252 τής
911 1177 973 1253 γῆς
995 1167 1106 1234 αὐτῶν

55 1297 69 1337 ο
83 1270 304 1357 ἀποστροφήν
327 1269 466 1338 ἑκάστου
487 1275 567 1350 τοὺς
584 1272 762 1357 διαδόχους
780 1273 861 1358 μετὰ
878 1276 939 1339 τὸν
956 1275 1106 1341 θάνατον

83 1387 146 1443 τοῦ
173 1379 307 1464 πρώτου
335 1375 496 1462 βασιλέως
524 1375 778 1462 ἐμφανίζεσθαι,
804 1373 860 1462 καὶ
888 1378 1106 1464 διαμερισμὸν

84 1487 134 1561 είς
157 1484 280 1562 αύτούς
300 1493 360 1569 τῆς
381 1486 565 1568 βασιλείας,
592 1484 670 1550 οὔτε
697 1480 734 1549 δὲ
760 1471 882 1577 παῖδας
904 1483 1007 1549 αὐτοῦ
1029 1485 1106 1550 τού-

83 1614 166 1668 τους
188 1592 288 1668 όντας
309 1591 387 1656 οῦτε
414 1601 588 1673 συγγενείς
613 1595 751 1667 πολλοῖς
773 1582 881 1710 έτῗῗιν
907 1589 1021 1676 άρξειν
1047 1599 1106 1675 τής

83 1695 292 1781 οἰκουμένης.
329 1697 439 1780 <275>
460 1697 662 1779 γενήσεσθαι
686 1692 717 1760 δ’
739 1693 775 1760 έκ
848 1696 926 1762 ’ων
947 1697 1024 1762 τιυά
1046 1700 1105 1780 βα-

55 1802 179 1870 ισιλέα
200 1804 261 1869 τὸν
285 1800 549 1887 ἐκπολεμήσοντα
570 1804 609 1868 τό
631 1798 661 1867 τ’
683 1716 877 1891 ἔθνοςίξάῖ
884 1805 963 1879 τοὺς
980 1803 1105 1885 νόμους

83 1911 196 1976 αὐτῶν
218 1907 274 1975 καὶ
296 1909 358 1992 τήν
379 1905 452 1974 κατ’
477 1908 600 1985 αύτούς
626 1900 896 2013 ἀηαιρήσόμενον
923 1910 1103 1991 πολιτείαν,

80 2015 139 2082 καὶ
163 2017 351 2099 συλήσοντα
372 2017 441 2081 τὸν.
455 2017 564 2117 ναόν..
629 1972 714 2091 ‘'33³4''
731 2016 855 2090 θυσίας
877 2010 928 2079 ἐπ’
950 2015 1005 2097 έτη
1027 2017 1103 2100 τρία

81 2125 276 2189 κωλύσοντα
300 2115 577 2205 ἐπιτελεσθῆναι.
607 2120 717 2204 <276>
739 2117 794 2184 καὶ
820 2119 862 2202 δή
884 2117 985 2186 ταῦθ’
1009 2119 1104 2205 ήμῶν

82 2228 207 2313 συνέβη
231 2237 277 2317 τῷ
301 2230 394 2294 ἔθνει
417 2233 542 2293 παθεῖν
560 2225 616 2294 ὑπ’
635 2225 807 2312 Ἀντιόχου
829 2235 890 2292 τοῦ
909 2225 1103 2313 ἐπιφανοῦς,

54 2337 198 2412 οκαθὼς
221 2330 310 2400 εἶδεν
329 2334 347 2400 δ
365 2339 536 2419 Δανιήλος
553 2332 610 2400 καὶ
628 2339 765 2412 πολλοῖς
788 2335 895 2401 έτεσιν
914 2337 1104 2421 ἔμπροσθεν

83 2440 252 2528 ἀνέγραψε
279 2441 319 2504 τά
345 2442 559 2525 γενησόμενα.
604 2442 664 2507 τὸν
691 2441 795 2507 αὐτὸν
823 2437 861 2506 δὲ
887 2443 1012 2527 τρόπον
1034 2446 1103 2506 Δα-

82 2554 199 2632 υιήλος
216 2543 272 2612 καὶ
291 2543 367 2631 περὶ
385 2553 444 2628 τής
461 2555 529 2611 τῶν
543 2543 711 2630 Ῥωμαίων
728 2546 907 2630 ἡγεμονίας
927 2545 1103 2632 ἀνέγραψε,

82 2652 139 2720 καὶ
163 2655 214 2719 ότι
240 2650 297 2719 ὑπ’
323 2652 435 2717 αὐτῶν
462 2652 676 2738 αίρεθήσεται
702 2651 743 2716 τά
762 2649 974 2735 Ἱεροσόλυμα
1000 2649 1056 2716 καὶ
1074 2652 1103 2721 ,ὁ

82 2762 165 2836 ναὸς
189 2758 449 2846 ἐρημωθήσεται.
490 2757 600 2840 <277>
619 2764 722 2822 ταῦτα
740 2753 837 2822 πάντ’
859 2754 995 2839 έκείυος,
1017 2760 1103 2822 θεοῦ

55 2883 68 2925 ε
84 2864 254 2944 δείξαντος
277 2864 376 2952 αὐτῷ,
400 2862 593 2949 συγγράψας
614 2859 799 2946 κατέλιπεν,
817 2847 906 2927 Ιὥστε
926 2864 1005 2939 τοὺς
1023 2861 1103 2928 ἀνα-

82 2972 308 3055 γινώσκοντας
325 2967 382 3034 καὶ
395 2971 436 3035 τά
450 2972 677 3054 συμβαίνοντα
695 2976 901 3046 σκοποῦντας
918 2968 1103 3053 θαυμάζειν

84 3075 138 3144 ἐπὶ
161 3085 200 3162 τή
227 3076 317 3161 παρά
339 3083 399 3140 τοῦ
426 3081 511 3141 θεοῦ
538 3083 615 3160 τιμή
641 3075 703 3139 τὸν
724 3079 912 3158 Δανιήλου,
940 3071 997 3139 καὶ
1024 3076 1103 3157 τοὺς

80 3182 329 3267 Ἐπικουρείους
339 3179 374 3245 ἐκ
382 3182 510 3246 τούτων
522 3181 689 3266 εὑρίσκειν
698 3159 979 3264 πεπλανημένους,
993 3180 1057 3262 <27
1060 3181 1104 3263 8>

84 3292 120 3354 οἳ
140 3290 201 3371 τήν
224 3311 260 3352 τε
280 3284 445 3375 πρόνοιαν
468 3285 666 3370 ἐκβάλλουσι
688 3294 749 3351 τοῦ
771 3288 850 3368 βίου
867 3283 923 3350 καὶ
940 3286 1002 3350 τὸν
1019 3287 1104 3350 θεὸν
1146 3348 1148 3354 ,

54 3415 70 3455 ο
84 3396 146 3480 οῦκ
169 3392 321 3472 ἀξιοῦσιν
344 3391 573 3480 ἐπιτροπεύειν
599 3403 667 3457 τῦν
694 3391 911 3479 πραγμάτων,
938 3389 1011 3458 οὐδ’
1037 3392 1102 3457 ῦπὸ

157 3514 510 3582 §273=Dan.v11121.
