2400 3840
507 148 633 201 ουΔοΗ
1014 151 1077 217 137

57 308 139 374 δέκα
159 307 289 394 βάσεων
308 319 375 372 τῶν
392 313 582 392 κληθεισῶν
600 311 771 394 μεχωνώθ.
817 311 904 393 <86>
923 310 1020 378 πέντε
1040 311 1077 379 δὲ

57 420 223 499 λουτῆρας
246 415 377 497 ἵστησιν
400 412 433 493 ἐξ
457 415 633 501 ἀριστεροῦ
656 409 776 502 μέρούς
802 426 863 482 τοῦ
886 427 971 483 ναοῦ
995 416 1076 505 (ἐτέ-

56 542 182 605 τραπτο
207 517 244 585 δὲ
267 529 365 585 τοῦτο
392 522 475 586 κατά
498 525 625 608 βορρᾶν
648 521 785 608 ἀνεμον)
813 521 869 588 καὶ
896 525 1077 604 τοσούτους

57 626 94 692 ἐκ
112 635 172 691 τοῦ
192 624 303 703 δεξιοῦ
321 628 404 712 πρὸς
421 630 522 692 νότον
540 627 738 710 ἀφορῶντας
756 629 805 705 είς
821 628 883 711 τῆν
902 629 1075 712 ἀνατολήν.

25 733 141 797 εκατά
164 729 195 795 δ’
221 731 302 798 αὐτὸ
324 730 381 798 καὶ
403 733 465 816 τὴν
487 734 658 799 θάλατταν
681 736 791 815 ἔθηκε.
836 735 923 818 <87>
947 738 1076 822 πληρώ-
1090 736 1094 744 ”

56 856 120 914 σας
146 836 177 902 δ’
207 838 343 922 ὕδατος,
375 839 437 922 τὴν
468 837 530 924 μὲν
556 840 727 905 θάλατταν
758 839 929 920 ἀπέδειξεν
959 844 1009 919 είς
1038 844 1075 906 τὸ

55 949 188 1010 νίπτειν
210 946 289 1021 τοὺς
312 947 361 1022 είς
378 947 438 1011 τὸν
456 932 540 1011 ναὸν
559 947 723 1022 είσιόντας
742 946 841 1031 ίερείς
862 945 899 1011 ἐν
917 946 999 1032 αύτῆ
1018 948 1076 1024 τάς

55 1063 169 1138 χεῖρας
191 1048 246 1116 καὶ
269 1053 347 1128 τοὺς
369 1051 489 1135 πόδας,
517 1049 697 1135 μέλλοντας
719 1051 915 1136 ἀναβαίνειν
941 1050 994 1118 έπλ
1016 1055 1077 1118 τὸν

56 1160 187 1243 βωμόν,
213 1160 293 1234 τούς
320 1154 357 1222 δὲ
384 1162 549 1244 λουτῆρας
576 1159 624 1234 είς
650 1159 688 1222 τὸ
714 1161 892 1244 καθαίρειν
918 1161 959 1224 τά
983 1158 1076 1235 ε’ντὸς

11 1287 40 1328 10
54 1274 124 1330 τῶν
148 1261 444 1348 ὁλοκαυτουμένων
467 1259 558 1350 ζῴων
580 1261 636 1328 καὶ
658 1267 737 1342 τοὺς
760 1266 865 1341 πόδας
887 1263 1006 1332 αὐτῶν.

125 1371 211 1454 <88>
224 1372 441 1437 κατεσκεύασε
460 1366 497 1434 δὲ
515 1367 571 1434 καλ
589 1373 834 1457 θυσιαστήριον
850 1376 997 1455 χαλκοῦν
1015 1372 1075 1453 πῆ·
1096 1394 1110 1443 τ

54 1501 142 1562 χεων
170 1483 273 1542 είκοσι
301 1479 338 1543 τὸ
366 1485 469 1561 μῆκος
494 1474 550 1542 καὶ
577 1478 747 1542 τοσούτων
774 1479 811 1543 τὸ
840 1472 950 1561 εὖρος,
977 1479 1014 1542 τὸ
1042 1475 1074 1541 δ’,

53 1585 144 1661 ύψος
165 1582 255 1666 δέκα,
277 1585 361 1669 πρὸς
382 1582 442 1660 τὰς
464 1584 711 1660 ὁλοκαυτώσεις.
758 1583 891 1668 ἐποίησε
915 1582 945 1648 δ’
971 1583 1075 1649 αὐτοῦ

54 1687 112 1755 καὶ
134 1691 175 1754 τά
198 1691 297 1772 σκεύη
321 1689 429 1754 πάντα
452 1695 567 1773 χαλκά,
589 1691 793 1776 ποδιστῆρας
814 1688 870 1756 καλ
889 1689 1075 1774 ἀναληπτῆ-

12 1817 39 1858 15
55 1819 127 1881 ρας.
168 1794 219 1859 ού
231 1795 298 1879 μὴν
320 1795 404 1862 ἀλλά
426 1797 509 1880 πρὸς
527 1795 659 1871 τούτοις
677 1797 842 1879 Χείραμος
864 1794 919 1860 καλ
937 1797 1076 1879 λαβίδας

53 1899 111 1967 καὶ
135 1901 285 1987 ἀρπαγας
307 1899 362 1965 καὶ
385 1910 452 1965 πάν
471 1908 588 1977 σκεῦος
607 1899 870 1984 ἐδημιούργησεν
888 1899 924 1964 ἐκ
941 1906 1075 1984 χαλκοῦ,

54 2010 118 2092 τὴν
140 2008 248 2090 αὐγὴν
275 2007 393 2091 ὁμοίου
420 2016 532 2094 χρυσῷ
559 2005 614 2071 καλ
641 2007 679 2071 τὸ
706 2005 835 2082 κάλλος.
881 2006 975 2088 <89>
999 2030 1076 2090 τρα-

54 2118 163 2193 πεζῶν
185 2137 220 2178 τε
243 2118 374 2196 πλῆθος
397 2110 563 2195 ἀνέθηκεν
587 2112 604 2177 ὁ
628 2113 799 2197 βασιλεύς,
826 2109 881 2176 καλ
909 2114 990 2195 μίαν
1014 2108 1075 2195 μὲν

55 2221 204 2305 μεγάλην
235 2227 378 2304 χρυσῆν,
411 2215 465 2302 ἐφ’
494 2214 534 2302 ῆς
565 2217 721 2284 ἐτίθεσαν
752 2221 831 2295 τοὺς
862 2219 985 2305 ἀρτους
1014 2226 1075 2284 τοῦ
1130 2236 1134 2240 ’

10 2347 39 2387 εο
54 2333 157 2408 θεοῦ,
192 2325 247 2391 καλ
283 2328 388 2411 ταύτη
423 2321 654 2414 παραπλησίας
691 2327 812 2413 μυρίας
845 2328 928 2413 πρὸς
960 2326 1076 2404 αὐταῖς

56 2429 158 2521 ἑτέρῳ
181 2435 292 2522 τρόπῳ
316 2432 551 2518 γεγενημένας,
579 2432 634 2517 ἐφ’
660 2428 708 2499 ὧν
732 2432 877 2500 ἐπέκειτο
901 2435 941 2498 τά
964 2435 1075 2517 σκεύη,

55 2538 175 2623 φιάλαι
207 2561 243 2603 τε
271 2537 327 2604 καλ
359 2540 533 2622 σπονδεῖα,
569 2548 674 2624 χρυσᾶ
711 2536 773 2623 μέν
809 2540 981 2624 δισμύρια,
1018 2539 1076 2624 ἀρ-

55 2654 143 2730 γυρά
177 2641 217 2710 δὲ
249 2645 515 2730 τετρακισμύρια.
566 2643 662 2725 <90>
697 2640 752 2708 καλ
782 2646 920 2725 λυχνίας
949 2640 986 2708 δὲ
1015 2668 1076 2727 μυ-

55 2753 132 2836 ρίας
165 2749 297 2834 ἐποίησε
329 2752 411 2816 κατά
440 2749 503 2832 τὴν
531 2747 697 2825 Μωυσέος
725 2749 929 2834 προσταγήν·
963 2745 997 2825 ἐξ
1029 2743 1077 2813 ὧν

13 2877 41 2919 ει
56 2860 138 2941 μίαν
166 2858 287 2939 ἔθηκεν
315 2858 364 2932 είς
389 2856 450 2920 τὸν
477 2857 575 2936 ναόν,
608 2854 664 2918 ἵνα
693 2852 810 2937 κάηται
841 2850 921 2918 καθ’
950 2851 1077 2938 ἡμέραν
1108 2894 1110 2897 -

56 2962 252 3038 ἀκολούθως
279 2971 325 3049 τῷ
352 2964 459 3050 νόμῳ,
488 2958 544 3025 καλ
571 2960 735 3045 τράπεζανΙ
761 2962 841 3045 μίαν
869 2957 1078 3043 ἐπικειμένην

56 3071 179 3153 ἀρτους
201 3071 285 3153 πρὸς
307 3069 345 3133 τὸ
368 3071 502 3152 βόρειον
529 3074 589 3132 τοῦ
617 3075 701 3132 ναοῦ
728 3063 828 3152 μέρος
855 3066 993 3149 ἀντικρὺ
1019 3073 1078 3147 τῆς

56 3172 208 3257 λυχνίας·
236 3175 360 3256 ταύτην
387 3175 451 3258 γὰρ
473 3174 555 3239 κατὰ
577 3175 678 3238 νότον
706 3174 850 3256 ἔστησεν.
896 3167 976 3237 δδλ
998 3195 1077 3254 χρυ-

56 3290 139 3357 σοῦς
167 3283 277 3364 βωμὸς
304 3278 404 3364 μέσος
430 3279 542 3344 αὐτῶν
569 3281 683 3344 ἔκειτο.
728 3287 832 3343 ταῦτα
858 3277 966 3342 πάντα
990 3273 1077 3360 εἶχεν

130 3424 145 3484 5
166 3424 199 3473 86
219 3445 252 3466 =
272 3424 288 3472 λ
307 3418 399 3480 Paral.
418 3418 457 3472 IV
476 3423 502 3472 8.
579 3423 594 3483 ξ
613 3422 647 3472 88
668 3443 702 3463 =
720 3422 736 3470 λ
755 3415 848 3472 Paral.
868 3415 907 3469 IV
922 3424 951 3484 13
971 3421 986 3470 3
1005 3416 1078 3486 Reg.

59 3506 616 3576 ιωοςωεηωηω
905 3527 907 3531 ⁷
