2400 3840
571 150 693 200 ENATH
1073 150 1139 216 295

120 310 306 395 περιπεσὼν
327 306 473 392 Ἰώασος,
502 307 709 392 ἐπιθεμένων
736 309 825 398 αὐτῷ
848 321 916 376 τῶν
938 314 1048 395 φίλων
1070 323 1138 379 τῶν

122 418 306 500 Ζαχαρίου,
338 419 374 480 οἳ
402 418 462 481 τὸν
493 414 645 480 θάνατον
677 413 885 493 ἐκδικοῦντες
916 426 976 482 τοῦ
1001 414 1137 484 Ἰωδάου

118 523 239 598 παιδὸς
263 520 506 606 ἐπεβούλευσαν
530 529 576 608 τῷ
600 523 744 605 βασιλεῖ,
777 521 947 606 διεφθάρη
974 525 1058 609 πρὸς
1080 524 1138 588 αύ-

119 640 195 693 τῶν.
241 627 360 710 <172>
383 624 438 692 καὶ
461 626 623 692 θάπτεται
651 613 712 711 μὲν
738 625 775 692 ἐν
794 625 1048 714 Ἰεροσολύμοις,
1077 630 1137 695 οὐκ

91 732 157 797 σίν
180 745 251 810 ταῖς
277 735 399 816 θήκαις
427 729 464 797 δέ
491 744 559 798 τῶν
585 736 776 817 προγόνων,
804 733 924 818 ἀσεβής
948 739 1136 820 γενόμενος.

121 838 236 922 ἐβίωσε
255 836 286 904 δ’
308 842 363 924 ἔτη
383 836 463 904 ἑπτά
481 837 536 904 καὶ
554 839 805 923 τετταράκοντα,
827 839 889 922 τήν
909 837 945 905 δὲ
964 844 1137 926 βασιλείαν

118 944 221 1009 αὐτοῦ
246 942 432 1029 διαδέχεται
452 941 609 1027 Ἀμασίας
632 944 650 1009 6
673 950 760 1022 παίς.

184 1052 294 1135 <173>
317 1052 453 1137 εἰκοστῷ
476 1046 514 1114 δὲ
536 1047 591 1113 καὶ
613 1049 731 1139 πρώτω
757 1051 822 1115 ἐτει
844 1057 903 1134 τής
917 1048 1053 1119 Ἰωάσου
1076 1058 1136 1138 βα·
1155 1071 1171 1121 5

117 1160 242 1233 σιλείας
255 1155 420 1243 παρέλαβε
434 1156 495 1238 τήν
508 1166 577 1221 τῶν
586 1152 798 1241 Ἰσραηλιτῶν
815 1155 997 1241 ήνεμονίαν
1008 1156 1135 1239 Ἰώαζος

75 1264 134 1328 106
163 1271 222 1329 τοῦ
247 1261 334 1346 Ἰηοῦ
366 1262 440 1338 υίὸς
472 1259 509 1325 ἐν
536 1263 724 1349 Σαμαρείᾳ,
756 1260 811 1327 καὶ
843 1261 1000 1348 κατέσχεν
1030 1266 1135 1350 αὐτὴν

117 1372 202 1434 ἔτεσι
225 1367 305 1434 δέκα
326 1366 382 1433 καὶ
406 1364 496 1451 ἑπτά,
519 1364 661 1453 τοῦμὲν
678 1369 802 1454 πατρὸς
823 1365 896 1434 οὐδ’
918 1368 1018 1446 αὐτὸς
1036 1395 1134 1455 μιμη-

116 1475 174 1556 τής
201 1478 392 1559 γενόμενος,
425 1473 588 1558 ἀσεβήσας
615 1470 647 1537 δ’
678 1473 739 1538 ὅσα
766 1471 821 1538 καὶ
854 1474 889 1539 οί
915 1486 1041 1561 πρῶτοι
1072 1486 1133 1543 τοῦ

115 1586 199 1644 θεοῦ
228 1580 548 1665 καταφρονήσαντες.
594 1578 712 1662 <174>
740 1577 937 1645 ἐταπείνωσε
968 1579 999 1645 δ’
1029 1582 1133 1649 αὐτὸν

113 1683 169 1749 καὶ
189 1683 398 1751 συνέστειλεν
421 1683 457 1749 ἐκ
479 1693 538 1768 τῆς
555 1685 717 1766 τοσαύτης
740 1684 914 1770 δυνάμεως
937 1687 954 1753 6
976 1698 1044 1752 τῶν
1062 1690 1133 1754 Σύ-

73 1808 98 1848 15
114 1816 183 1875 ρων
205 1793 361 1875 βασιλεὺς
384 1791 432 1866 είς
454 1790 591 1865 ὁπλίτας
613 1791 754 1874 μυρίους
776 1788 832 1854 καὶ
852 1793 1056 1874 πεντήκοντα
1080 1796 1132 1859 ίπ-

111 1909 194 1981 πείς,
218 1897 418 1981 στρατεύσας
441 1891 491 1961 ἐπ’
513 1894 626 1978 αὐτόν,
648 1892 704 1959 καὶ
726 1897 840 1972 πόλεις
861 1919 897 1961 τε
915 1897 1059 1980 μεγάλας
1076 1899 1131 1965 καὶ

111 2005 236 2080 πολλάς
259 2002 362 2069 αὐτὸν
385 2001 590 2085 ἀφελόμενος
606 1998 662 2065 καὶ
680 2001 742 2083 τήν
760 2003 918 2086 στρατιάν
936 2001 1040 2069 αὐτοῦ
1060 2006 1132 2070 δια-

112 2112 265 2193 φθείρας.
312 2107 430 2192 <175>
454 2115 558 2172 ταῦτα
582 2103 612 2171 δ’
639 2108 766 2172 ἔπαθεν
791 2106 809 2172 6
832 2118 901 2172 τῶν
920 2105 1132 2195 Ἰσραηλιτῶν

111 2218 191 2293 λαὸς
222 2214 305 2280 κατά
334 2214 396 2297 τήν
422 2211 611 2279 Ἐλισσαίου
642 2216 864 2299 προφητείαν,
896 2212 945 2280 ὅτ’
975 2213 1131 2302 Ἀζάηλον

70 2339 97 2378 20
112 2323 323 2405 βασιλεύσειν
341 2330 478 2406 προεῖπε
496 2330 564 2385 τῶν
583 2320 708 2406 Σύρων
725 2317 781 2385 καὶ
796 2326 1031 2406 Δαμασκηνῶν
1049 2324 1131 2390 άπο-

110 2431 285 2492 κτείναντα
307 2427 367 2492 τὸν
390 2427 564 2510 δεσπότην.
610 2425 659 2490 ὢν
682 2423 713 2490 δ’
739 2426 776 2492 ἐν
799 2427 937 2515 άπύροις
962 2429 1049 2495 οὕτω
1073 2455 1130 2496 κα-

110 2544 182 2610 κοῖς
205 2530 332 2610 Ἰώαζος
365 2529 418 2596 ἐπὶ
446 2529 561 2615 δέησιν
592 2527 648 2594 καὶ
677 2531 819 2596 ίκετείαν
849 2542 911 2597 τοῦ
937 2541 1021 2600 θεοῦ
1054 2560 1130 2601 κατ-

111 2637 225 2722 ε’φυνε,
245 2638 413 2724 ῥύσασθαι
427 2647 495 2701 τῶν
505 2633 662 2717 Ἀζαήλου
675 2646 797 2720 χειρῶν
811 2636 914 2701 αὐτὸν
928 2646 1129 2724 παρακαλῶν

110 2742 165 2809 καὶ
193 2745 236 2828 μὴ
264 2737 510 2829 περιιδεῖνύπ
537 2738 651 2829 ἐκείνω
675 2741 865 2823 γενόμενον.
911 2742 1022 2826 <176>
1049 2744 1067 2809 6
1091 2743 1129 2811 δέ

67 2867 94 2907 2⁵
110 2852 190 2926 θεὸς
212 2848 267 2914 καὶ
290 2849 352 2932 τήν
374 2846 553 2933 μετάνοιαν
578 2845 623 2922 ὡς
646 2843 767 2930 ἀρετήν
789 2844 1045 2931 ἀποδεχόμενος,
1073 2851 1128 2917 καὶ

108 2962 284 3021 νουθετῶν
307 2959 434 3038 μᾶλλον
456 2954 535 3028 τοὺς
558 2948 782 3035 δυναμένους,
808 2950 928 3029 τελέως
954 2954 998 3039 μή
1027 2955 1128 3023 άπολ-

109 3063 208 3127 λύναι
231 3062 355 3126 δοκοῦν
379 3058 478 3147 αὐτῶ,
502 3059 642 3123 δίδωσιν
660 3055 749 3146 αύτῷ
767 3057 829 3140 τήν
848 3057 883 3124 ἐκ
901 3068 961 3125 τοῦ
979 3060 1127 3147 πολέμου

108 3165 164 3232 καὶ
190 3178 258 3232 τῶν
285 3166 455 3231 κινδύνων
482 3165 607 3229 ἄδειαν.
654 3164 787 3249 είρήνης
815 3161 846 3228 δ’
871 3163 891 3248 ή
914 3166 1005 3252 χώρα
1028 3172 1127 3252 lupo.

108 3271 191 3357 μίνη
215 3269 382 3359 άνέδραμέ
402 3294 437 3336 τε
461 3270 562 3334 πάλιν
586 3270 633 3345 είς
655 3270 716 3352 τήν
739 3268 904 3357 προτέραν
926 3274 1127 3342 κατάστασιν

65 3398 93 3437 ³0
108 3377 163 3444 καὶ
188 3378 369 3462 ηύθήνησε.

180 3506 195 3565 ς
212 3504 262 3553 172
279 3525 312 3544 =
327 3503 343 3552 2
358 3496 450 3551 Paral.
466 3494 555 3551 XXIV
570 3500 612 3551 νῦ.
687 3499 702 3561 ς
718 3500 768 3552 173
784 3524 818 3546 =
833 3499 1059 3571 mamm.
