2400 3840
112 124 180 189 328
479 124 755 180 ΔΡΧΑΙΟΔΟῙῚΑΣ

111 282 169 351 καὶ
191 288 251 352 τὸν
274 288 358 352 ναὸν
380 287 496 370 ἥγνισε
518 284 573 353 καὶ
591 287 653 369 τὴν
669 289 771 352 πόλιν
794 283 959 374 ἐκάθηρε,
982 287 1039 354 καλ
1062 291 1132 375 πρὸς

113 395 206 481 μόνω
228 395 266 459 τὸ
290 394 409 459 λοιπόν
429 387 474 475 ἦν
495 403 542 481 τῷ
559 393 658 478 χάριν
675 415 711 457 τε
728 401 788 476 τῆς
805 398 982 479 σωτηρίας
1003 394 1132 461 ἐκτίνειν

113 507 160 585 τῷ
187 504 257 586 θεῷ
283 495 339 563 καὶ
366 499 536 585 διατηρεῖν
563 500 668 574 αὐτὸν,
698 497 818 583 εὐμενῆ
852 498 936 586 παρ’
970 502 1051 566 ὅλον
1082 502 1132 565 τὸν

113 607 200 688 βίον.
247 604 344 689 <43>
366 602 460 670 τάδ’
487 604 571 669 αὐτὰ
592 604 750 689 πράττειν
771 602 890 669 καὶτὸ
914 605 1132 691 πλῆθοςέδί-
1168 652 1169 655 ι

114 711 226 795 δασκε,
248 711 448 794 μεμαθηκὼς
470 711 525 797 οῗηι
545 711 635 796 παρὰ
653 710 773 796 μικρὸν
791 708 959 795 ἐχρήσατο
984 720 1169 798 συμφορᾷι

114 817 171 881 διὰ
193 816 255 898 τὴν
278 814 433 882 ἐναντίαν
459 818 639 882 πολιτείαν.
684 814 904 894 ἐπισκευάσας
931 815 974 883 δὲ
1003 816 1060 885 καί
1081 820 1132 884 τὸν
1172 895 1173 910 ρ

114 923 229 1006 βωμὸν
256 921 314 998 τὰς
340 924 503 1006 νομίμους
528 924 652 998 θυσίας
684 919 827 987 ἐπετέλει
858 925 981 1001 καθὼς
1015 922 1132 1001 διέταξε

114 1030 275 1108 Μωυσῆς.
311 1024 397 1109 <44>
412 1026 665 1111 διοικησάμενος
678 1023 769 1092 δὲτὰ
782 1024 858 1112 περὶ
872 1028 937 1111 τὴν
951 1034 1131 1115 θρησκείαν
1174 1103 1175 1110 χ

113 1130 154 1196 ὃν
181 1131 235 1196 δεῖ
259 1132 398 1216 τρόπον,
425 1128 481 1196 καὶ
508 1140 568 1216 τῆς
593 1142 662 1197 τῶν
682 1129 923 1218 Ἱεροσολύμων
950 1135 1130 1220 ἀσφαλείας
1172 1115 1175 1144 Α

112 1238 336 1322 προυνόησεν,
364 1237 447 1302 ὥστε
474 1238 514 1303 τά
541 1239 665 1304 παλαιά
691 1241 781 1322 τείχη
809 1239 890 1322 μετά
915 1247 1050 1326 πολλῆς
1071 1241 1175 1307 ἐπι-α’

113 1343 272 1410 σκευάσαι
290 1345 439 1428 σπουδῆς
455 1341 512 1409 καὶ
529 1343 644 1430 ἕτερον
662 1345 777 1421 αὐτοῖς
791 1342 975 1431 ἐπιβαλεῖν,
996 1348 1130 1430 άναστῆ-

112 1467 168 1514 σαι
192 1446 229 1515 δὲ
251 1447 307 1516 καὶ
328 1451 478 1535 πύργους
504 1450 747 1533 ὑψηλοτάτους,
774 1449 814 1515 τά
841 1473 877 1515 τε
902 1453 971 1537 πρὸ
996 1463 1059 1538 τῆς
1079 1455 1130 1518 πό-

111 1558 195 1629 λεως
217 1556 364 1640 φρούρια
382 1566 453 1631 τοῖς
470 1552 499 1619 τ’
521 1556 635 1631 άλλοις
652 1552 709 1619 καὶ
727 1554 768 1638 δὴ
786 1551 843 1619 καὶ
861 1558 980 1621 σιτίων
1000 1560 1130 1624 πάντων

110 1668 179 1725 τῶν
198 1660 246 1737 είς
263 1659 347 1725 αὐτά
361 1663 531 1746 χρησίμων
544 1660 759 1746 <είσκομιδῇ>
777 1661 968 1747 ὀχυρώτερα
986 1674 1128 1749 ποιῆσαι.

111 1766 210 1850 <45>
232 1764 344 1850 ἀμέλει
367 1763 405 1832 δὲ
427 1775 467 1852 τῇ
489 1768 573 1852 πρὸς
595 1775 697 1832 ταῦτα
724 1771 887 1852 μεταβολῇ
915 1771 1129 1855 χρησάμενος,
1139 1789 1158 1829 ιι

112 1872 200 1939 οὕτω
223 1876 282 1940 τὸν
305 1872 425 1959 μεταξὺ
448 1875 543 1956 διῆγε
570 1875 647 1955 βίον
674 1873 720 1950 ὡς
742 1873 942 1959 μακαριστὸς
967 1870 1129 1942 εἶναικαὶ

112 1981 254 2061 ζηλωτὸς
282 1978 315 2057 ἐξ
343 1978 472 2045 ἐκείνου
499 1987 560 2045 τοῦ
586 1981 711 2064 χρόνου
743 1981 967 2063 λογιζόμενος,
1001 1980 1064 2066 ἀφ’
1094 1977 1130 2047 οὗ

112 2087 172 2150 τὸν
194 2087 279 2150 θεὸν
302 2085 452 2170 εὐσεβεῖν
474 2083 603 2170 ἤρξατο.
648 2084 745 2167 <46>
773 2086 870 2166 ζήσας
895 2079 958 2149 οὖν
982 2088 1040 2170 ἔτη
1065 2087 1130 2170 ἑξή-

110 2210 213 2252 κοντα
235 2187 291 2252 καὶ
315 2188 395 2253 έπτδ
416 2189 615 2275 κατέστρεψε
641 2191 702 2255 τὸν
728 2192 819 2274 βίον,
846 2193 1050 2274 βασιλεύσας
1078 2197 1129 2276 ἔτη

109 2290 208 2358 πέντε
239 2289 295 2356 καὶ
326 2295 539 2374 πεντήκοντα.
586 2293 642 2358 καὶ
674 2295 834 2362 θάπτεται
866 2292 927 2379 μὲν
959 2297 1064 2376 αὐτὸς
1097 2299 1161 2365 ένυ

110 2410 181 2476 τοῖς
200 2397 303 2463 αὐτοῦ
321 2399 545 2482 παραδείσοις,
567 2397 587 2482 ἡ
607 2402 758 2483 βασιλεία
777 2399 807 2465 δ’
829 2403 877 2478 είς
896 2403 956 2467 τὸν
974 2405 1055 2469 υίὸν
1074 2406 1129 2471 αὐ-

110 2514 171 2571 τοῦ
190 2499 393 2592 περιγίνεται
407 2503 572 2592 Ἄμωσου,
590 2505 924 2592 μητρὸςἘμαλσέμης
942 2505 1006 2593 μὲν
1025 2512 1129 2597 ὄνομα

110 2616 320 2699 τετυχηκότα,
343 2612 378 2680 ἐκ
402 2611 439 2680 δὲ
461 2617 588 2692 πόλεως
607 2612 754 2698 Ἰαβάτης
776 2613 997 2699 ὑπαρχούσης.

76 2717 95 2779 4
181 2720 268 2804 <47>
283 2716 381 2798 οὗτος
398 2721 623 2806 μιμησάμενος
640 2720 681 2784 τὰ
698 2726 758 2783 τοῦ
776 2720 900 2804 πατρὸς
916 2722 996 2806 ἔργα
1015 2722 1037 2786 ἃ
1055 2721 1130 2799 νεός

112 2826 160 2890 ὢν
188 2825 312 2902 ἐκεῖνος
341 2825 533 2910 ἐτόλμησεν,
566 2821 817 2909 ἐπιβουλευθεὶς
843 2824 908 2889 ὑπὸ
936 2837 1004 2893 τῶν
1033 2830 1164 2893 ίδίωνεὸ

111 2933 249 2997 οἰκετῶν
277 2928 446 2994 ἀπέθανεν
474 2928 527 2994 ἐπὶ
554 2939 613 3013 τῆς
639 2931 745 3006 οίκίας
771 2938 829 3014 τῆς
856 2930 974 3014 αὐτοῦ,
1004 2936 1129 3016 βιώσας

110 3039 166 3119 ἔτη
190 3034 327 3119 τέτταρα
353 3031 409 3099 καί
432 3039 551 3117 είκοσι,
579 3037 778 3118 βασιλεύσας
800 3032 831 3100 δ’
857 3034 891 3113 ἐξ
918 3036 1029 3102 αὐτῶν
1058 3041 1129 3105 δύο.

110 3143 198 3226 <48>
217 3147 361 3226 μετῆλθε
380 3137 412 3203 δ’
435 3139 593 3204 αὐτοῦτὸ
612 3146 743 3225 πλῆθος
762 3144 841 3219 τοὺς
860 3155 986 3227 φονεῖς,
1008 3146 1065 3211 καὶ
1084 3158 1129 3236 τῷ

108 3245 209 3334 πατρί
233 3247 464 3312 συνθάπτουσι
487 3245 546 3309 τὸν
559 3242 724 3330 ’Άμωσον,
747 3247 809 3329 τὴν
832 3244 869 3313 δὲ
887 3253 1061 3332 βασιλείαν
1084 3264 1129 3342 τῷ

107 3351 204 3418 παιδὶ
233 3353 336 3418 αὐτοῦ
356 3350 464 3438 Ἰωσίᾳ
490 3351 727 3436 παραδιδόασι,
754 3350 879 3417 ὀκτέτει
906 3356 968 3438 τὴν
993 3355 1129 3439 ἡλικίαν
1143 3376 1168 3416 ³⁰

179 3477 197 3538 ,ᾖ
213 3476 247 3526 43
263 3498 296 3518 =
312 3479 327 3528 2
342 3473 434 3529 Paral.
448 3469 565 3525 XXXIII
582 3476 622 3526 16.

256 3737 332 3747 ⁴-—
