2400 3840
135 138 179 202 30
455 138 462 152 '
500 139 775 190 ΛΡΧΔΙΟΔΟΓΙΑΣ

135 301 310 382 Αἰγύπτου
334 303 381 377 είς
410 302 471 383 τήν
494 309 559 366 νῦν
581 299 797 384 ὑπάρχουσαν
824 300 938 377 αὐτοῖς
962 298 1156 367 ἐστέλλοντο

134 407 256 491 χώραν,
274 408 397 472 κελεύω
411 406 544 496 πολέμῳ
563 406 836 492 τιμωρησάμενον
848 410 927 483 τοὺς
938 405 1155 491 Ἀμαληκίτας

133 509 189 577 καὶ
211 515 418 598 κρατήσαντα
442 510 555 598 μηδέν’
582 513 693 577 αύτῶν
720 512 907 596 ὑπολιπεῖν,
936 513 1045 596 <133>
1069 514 1154 580 ἀλλὰ

131 619 237 702 πάσης
247 619 432 697 διεξελθεῖν
441 617 580 702 ἡλικίας,
594 616 799 704 ἀρξαμένους
813 618 877 685 ἀπὸ
888 631 1058 701 γυναικῶν
1067 625 1152 685 κτεί-

131 748 204 791 νειν
221 724 276 790 καὶ
295 729 434 808 νηπίων,
452 723 507 790 καὶ
526 726 684 807 τοιαύτην
697 720 781 809 ὑπὲρ
800 720 848 790 ὧν
866 729 944 802 τοὺς
962 728 1152 811 προγόνους
1167 748 1179 788 5

132 831 228 915 ὑμῶν
255 833 450 917 εἰργάσαντο
481 834 645 916 τιμωρίαν
672 831 882 914 ἀπολαβεῖν,
902 835 1086 915 φείσασθαι
1115 831 1152 898 δέ

133 935 214 1020 μήθ’
235 937 424 1020 ὑποζυγίων
447 940 527 1022 μήτε
545 949 613 1002 τῶν
631 940 743 1003 ἀλλων
761 938 979 1022 βοσκημάτων
999 942 1047 1015 είς
1066 939 1151 1023 ὠφέ-

132 1047 226 1107 λειαν
248 1040 303 1107 καὶ
326 1052 442 1127 κτήσιν
466 1045 567 1127 ίδίαν,
591 1045 719 1109 ἅπαντα
743 1042 774 1108 δ’
800 1044 977 1110 ἀναθεῖναι
1000 1056 1046 1135 τῷ
1070 1052 1151 1133 θεῷ,

131 1145 186 1212 καὶ
213 1150 251 1214 τὸ
272 1147 456 1234 Ἀμαλήκου
483 1152 588 1233 όνομα
615 1161 687 1226 ταῖς
709 1149 875 1228 Μωυσέος
902 1154 1150 1234 κατακολουθή-

132 1253 224 1320 σαντ’
251 1254 400 1333 ἐντολαῖς
423 1255 612 1334 ἐξαλεῖήιαι.’
1162 1280 1187 1318 10

96 1367 111 1416 2
197 1362 306 1446 <134>
322 1363 479 1445 ὁμολογεῖ
497 1358 534 1427 δὲ
555 1364 708 1445 ποιήσειν
726 1363 881 1440 Σάουλος
894 1364 934 1427 τδι
953 1367 1151 1448 προσταττό-

131 1490 229 1551 μενα,
257 1469 318 1551 τήν
347 1464 384 1532 δὲ
411 1471 613 1552 πειθαρχίαν
640 1468 701 1550 τήν
727 1470 811 1552 πρὸς
840 1469 900 1532 τὸν
922 1469 1007 1532 θεὸν
1029 1469 1091 1533 οὐκ
1116 1468 1151 1533 ἐν

130 1582 175 1660 τῶ
203 1574 407 1656 ποιήσασθαι
435 1575 498 1657 τήν
524 1576 607 1659 πρὸς
635 1577 713 1651 τοὺς
733 1571 948 1659 Ἀμαληκίτας
976 1580 1151 1660 στρατείαν

130 1682 342 1764 λογιζόμενος
365 1675 451 1745 εἶναι
474 1683 589 1764 μόνον,
613 1679 696 1745 ἀλλά
718 1678 773 1745 καὶ
796 1682 857 1764 τήν
879 1679 1072 1765 ἑτοιμότητα
1095 1680 1150 1746 καὶ

131 1787 168 1850 τὸ
183 1786 282 1870 τάχος
295 1785 462 1870 ἀναβολής
481 1787 522 1851 οὐ
539 1787 728 1871 προσούσης
747 1789 794 1850 ἐτι
813 1792 940 1870 μᾶλλον
959 1787 1151 1872 ἐμφανίζειν
1166 1808 1190 1848 15

131 1894 253 1977 αὐτήν,
285 1893 434 1979 ἀθροίζει
461 1917 497 1958 τε
528 1902 638 1958 πᾶσαν
669 1893 731 1975 τήν
758 1893 919 1977 δύναμιν,
948 1892 1004 1958 καὶ
1026 1896 1151 1977 ταύτην

133 1999 357 2085 ἐξαριθμήσας
390 1999 427 2064 ἐν
455 2000 640 2081 Γαλγάλοις
672 1998 815 2083 εὑρίσκει
847 2010 915 2065 τῶν
939 1997 1151 2086 Ἰσραηλιτῶν

133 2104 193 2182 ἐξω
216 2115 275 2187 τῆς
292 2104 399 2171 Ἰούδα
418 2110 527 2189 φυλής
545 2103 620 2190 περὶ
638 2106 877 2190 τετταράκοντα
895 2106 1071 2191 μυριάδας·
1090 2108 1150 2190 ήδε

130 2211 193 2295 γὰρ
217 2210 236 2293 ή
270 2210 359 2293 φυλή
388 2209 466 2275 καθ’
497 2211 602 2293 αὑτήν
629 2210 698 2275 ἐστι
727 2223 922 2296 στρατιῶται
949 2215 1149 2298 τρισμύριοι.

128 2316 240 2398 <135>
264 2316 419 2392 Σάουλος
443 2313 474 2379 δ’
501 2315 654 2400 ἐμβαλὼν
682 2319 730 2392 είς
752 2318 813 2399 τήν
835 2328 903 2383 τῶν
923 2315 1149 2403 Ἀμαληκιτῶν
1162 2341 1189 2380 ω

43 2433 48 2440 ’
127 2421 239 2505 χώραν
259 2419 396 2507 ἐνέδρας
413 2423 538 2498 πολλδις
555 2420 610 2487 καὶ
630 2425 749 2507 λόχους
766 2421 843 2508 περὶ
867 2425 928 2489 τὸν
945 2426 1149 2511 χειμάρρουν

126 2531 274 2611 τίθησιν,
297 2527 342 2605 ῶς
366 2529 409 2613 μή
432 2530 538 2612 μόνον
563 2526 598 2594 ἐκ
616 2537 677 2595 τοῦ
695 2540 846 2617 φανεροῦ
865 2530 1073 2616 μαχομένους
1091 2533 1149 2597 αὐ-

127 2637 205 2712 τοὺς
227 2646 335 2713 κακῶς
357 2647 478 2718 ποιεῖν,
501 2633 585 2701 ἀλλὰ
608 2634 663 2702 καί
687 2639 730 2722 μή
753 2638 963 2723 προσδοκῶσι
985 2641 1068 2702 κατὰ
1091 2641 1149 2716 τὰς

104 2743 228 2819 κὸδοὺς
252 2741 438 2809 ἐπιπίπτειν
465 2741 520 2808 καὶ
542 2743 790 2827 κυκλουμένους
817 2744 976 2828 ἀναιρεῖν.
1022 2743 1077 2809 καὶ
1106 2745 1147 2827 δή

127 2851 307 2932 συμβαλὼν
336 2850 448 2926 αὐτοῖς
476 2852 523 2924 είς
545 2850 654 2933 μάχην
681 2847 834 2934 τρέπεται
856 2853 935 2926 τοὺς
957 2855 1147 2935 πολεμίους,
1162 2870 1186 2909 25

125 2952 181 3018 καὶ
196 2954 388 3037 διαφθείρει
402 2954 537 3036 πάντας,
551 2955 738 3038 φεύγουσιν
752 2953 999 3022 ἐπακολουθῶν.
1035 2957 1147 3039 <136>

126 3061 171 3137 ὡς
195 3057 226 3124 δ’
253 3057 359 3124 ἐκεῖνο
383 3053 527 3142 τοῦργον
554 3059 644 3147 αύτῷ
671 3060 753 3125 κατά
779 3061 841 3144 τήν
868 3071 928 3127 τοῦ
958 3069 1043 3127 θεοῦ
1065 3086 1147 3149 προ.-

127 3171 268 3252 φητείαν
292 3163 445 3250 ἐχώρησε,
468 3176 539 3241 ταῖς
562 3168 677 3230 πόλεσι
698 3177 765 3233 τῶν
781 3165 1004 3253 Ἀμαληκιτῶν
1027 3170 1146 3254 προσέ-

127 3277 217 3356 βαλε,
239 3272 294 3338 καὶ
319 3272 376 3348 τδις
399 3266 460 3356 μὲν
482 3272 702 3356 μηχανήμασι,
725 3275 784 3350 τδς
802 3272 834 3339 δ’
856 3274 1041 3359 ὀρύγμασιν
1064 3276 1146 3341 ὑπο-

126 3382 242 3463 νόμοις
264 3377 319 3444 καὶ
342 3381 484 3462 τείχεσιν
508 3376 634 3455 ἔξωθεν
656 3378 995 3468 ἀντῳκοδομημένοις,
1024 3383 1083 3458 τδις
1107 3378 1144 3446 δέ
1159 3401 1186 3440 ³0

199 3505 280 3563 §133
301 3525 333 3545 =
354 3499 453 3568 1Reg.
472 3498 523 3552 xv
537 3506 562 3554 3.
