2400 3840
122 144 164 207 10
491 141 764 194 εεειιολοοιεε

118 306 334 390 εὐχαρίστους
348 306 431 391 πρὸς
446 299 501 388 ἐμὲ
515 301 570 367 καὶ
583 303 645 386 τήν
662 304 725 385 σήν
743 304 951 386 προφητείαν
970 303 1138 386 λαβόντες.

118 413 206 495 <39>
228 412 351 477 κελεύω
375 412 416 493 δή
440 427 493 475 σοι
516 421 720 494 χειροτονεῖν
738 409 852 485 αὺτοῖς
874 407 915 473 δυ
934 407 978 472 διν
999 406 1064 490 ἐγώ
1087 424 1137 472 σοι

116 522 263 604 προείπω
287 516 433 603 βασιλέα,
456 517 718 602 προδηλώσαντα
741 525 897 581 ποταπῶν
916 537 952 578 τε
976 515 1138 601 πειραθή-

118 642 233 690 σονται
256 627 509 709 βασιλευόμενοι
527 633 649 705 κακῶν,
671 620 726 687 καὶ
750 620 1064 707 διαμαρτυράμενον
1084 618 1100 684 έ
1126 616 1134 643 ’

117 732 193 797 οἵαν
217 731 398 796 σπεύδουσι
420 726 626 813 μεταβολήνῖ
1147 745 1158 785 5

82 856 99 903 ο
185 837 272 919 <4Ο>
290 831 383 900 ταῦτ’
404 833 548 910 ἀκούσας
566 834 766 918 Σαμούηλος
789 830 843 917 ἀμ’
865 831 908 921 έφ
930 832 1136 915 συγκαλέσας

117 947 195 1019 τοὺς
215 939 398 1016 Ἰουδαίους
415 939 604 1018 ἀποδείξειν
624 940 737 1017 αὐτοῖς
755 937 893 1025 βασιλέα
911 938 1136 1023 ὡμολόγησεν,

118 1051 181 1133 ἔφη
214 1043 252 1111 δὲ
284 1047 356 1112 δεῖν
392 1057 524 1131 πρῶτον
556 1043 617 1131 μὲν
650 1046 763 1123 αὺτοῖς
802 1044 1066 1128 ἐκδιηγήσασθαι
1098 1047 1135 1111 τὺ

117 1155 206 1240 παρὰ
223 1165 292 1219 τῶν
310 1151 473 1238 βασιλέων
491 1151 630 1237 ἐσόμενα
648 1151 704 1218 καὶ
723 1153 814 1230 ὅσοις
832 1153 1134 1236 συνενεχθήσονται

116 1271 238 1338 κακοῖς.
285 1260 473 1343 γινώσκετε
505 1261 568 1343 γὰρ
601 1260 652 1324 ότι
684 1269 817 1345 πρῶτον
844 1254 906 1342 μὲν
932 1258 1030 1341 ὑμῶν
1058 1259 1133 1324 ἀπο
1146 1274 1165 1315 1⁰

117 1368 281 1433 σπάσουσι
313 1367 352 1431 τά
384 1365 497 1448 τέκνα,
528 1363 583 1430 καὶ
615 1365 656 1430 τά
679 1361 740 1449 μέν
768 1364 878 1430 αὐτῶν
906 1363 1134 1450 ἁρματηλάτας

117 1469 203 1538 εἶναι
225 1475 434 1554 κελεύσουσι,
462 1474 540 1548 τοὺς
568 1470 599 1536 δ’
626 1472 736 1548 ἱππεῖς
761 1470 817 1537 καὶ
841 1471 1132 1556 σωματοφύλακας,

117 1580 251 1663 δρομεῖς
279 1577 309 1643 δ’
336 1580 457 1653 ἀλλους
484 1576 539 1642 καὶ
562 1578 754 1664 χιλιάρχους
781 1576 837 1643 καὶ
861 1575 1132 1662 ἑκατοντάρχους·

117 1685 293 1768 ποιήσουσι
326 1680 363 1748 δέ
395 1681 450 1748 καὶ
481 1687 644 1768 τεχνίτας,
678 1684 878 1760 ὁπλοποιοὺς
909 1681 964 1747 καὶ
992 1682 1134 1769 ἁρματο-

117 1793 234 1868 ποιοὺς
261 1788 315 1856 καὶ
346 1790 499 1877 ὀργάνων
526 1789 695 1873 τέκτονας,
728 1790 896 1874 γεωργούς
922 1812 957 1854 τε
988 1788 1046 1854 καὶ
1069 1801 1135 1855 τῶν
1147 1805 1168 1846 1⁵

118 1900 215 1964 ίδίων
237 1897 351 1983 ἀγρῶν
374 1896 569 1982 ἐπιμελητάς
585 1892 641 1960 καὶ
661 1907 838 1973 σκαπανεῖς
857 1894 1023 1980 ἀμπέλων,
1049 1897 1134 1979 (41)

116 2003 171 2068 καὶ
196 2004 296 2070 οὐδέν
325 2003 414 2068 ἐστιν
442 2002 459 2068 ὃ
491 2002 534 2086 μή
557 2005 769 2086 κελευόμενοι
791 2003 990 2084 ποιήσουσιν
1013 2001 1136 2088 ἀνδρα-

116 2110 230 2174 πόδων
262 2110 507 2194 ἀργυρωνήτων
535 2110 670 2192 τρόπον.
715 2106 770 2172 καὶ
798 2109 856 2185 τάς
883 2106 1074 2192 θυγατέρας
1101 2106 1133 2172 δ’

116 2214 211 2297 ὑμῶν
239 2215 407 2296 μυρεψοὺς
435 2212 646 2295 ἀποφανοῦσι
675 2211 730 2277 καὶ
759 2215 940 2292 ὀψοποιοὺς
967 2212 1023 2278 καὶ
1047 2230 1136 2279 σιτο-

117 2319 248 2401 ποιούς,
284 2316 339 2382 καὶ
371 2326 438 2382 πᾶν
471 2320 569 2403 ἔργον
602 2318 620 2383 δ
653 2322 891 2404 θεραπαινίδες
924 2317 956 2397 ἐξ
989 2319 1136 2403 ἀνάγκης
1149 2338 1173 2378 2⁰

117 2426 243 2507 πληγάς
258 2425 464 2509 φοβούμεναι
478 2421 533 2488 καὶ
547 2424 715 2509 βασάνους
728 2419 981 2511 ὑπηρετήσουσι.
1018 2437 1137 2511 κτῆσιν

118 2528 155 2596 δὲ
177 2532 238 2613 τήν
260 2529 422 2616 ὑμετέραν
445 2529 703 2617 ἀφαιρήσονται,
730 2529 785 2596 καὶ
814 2534 938 2614 ταύτην
962 2533 1136 2618 εὐνούχοις

117 2637 172 2705 καί
192 2638 445 2723 σωματοφύλαξι
464 2640 682 2727 δωρήσονται,
705 2637 759 2704 καὶ
780 2639 996 2723 βοσκημάτων
1015 2638 1137 2723 ἀγέλας

119 2748 322 2822 τοῖςαὺτῶν
350 2757 604 2832 προσνεμοῦσιν.
649 2746 735 2827 <42>
759 2746 932 2810 συνελόντι
961 2744 991 2810 δ’
1018 2749 1136 2831 εἰπεῖν,

119 2852 314 2916 δουλεύσετε
337 2853 417 2934 μετὰ
435 2851 569 2916 πάντων
587 2862 655 2915 τῶν
673 2848 841 2933 ὑμετέρων
863 2861 908 2938 τῷ
928 2854 1060 2934 βασιλεῖ
1080 2852 1136 2919 καὶ
1149 2868 1172 2910 2⁵

118 2968 188 3034 τοῖς
210 2955 321 3020 αὑτῶν
344 2954 487 3031 οίκέταις
516 2962 581 3020 ίσοι
605 2957 790 3038 γενόμενοι·
819 2955 874 3021 καί
897 2961 1031 3042 μνήμην
1054 2961 1136 3045 ὑμῖν

118 3064 223 3129 τῶνδε
250 3072 317 3126 τῶν
345 3063 455 3142 λόγων
477 3061 630 3142 γεννήσει
653 3057 708 3124 καὶ
731 3062 768 3126 τὸ
792 3062 929 3147 πάσχειν
953 3065 1052 3148 αὐτά,
1080 3065 1136 3130 καὶ

119 3168 418 3254 μεταγινώσκοντες
442 3166 621 3231 ίκετεύσετε
643 3167 703 3231 τὸν
725 3169 809 3234 θεὸν
832 3167 967 3253 ἐλεῆσαί
986 3169 1023 3235 θ’
1049 3173 1136 3256 ὺμῖις

118 3273 174 3338 καὶ
197 3275 413 3360 δωρήσασθαι
436 3282 570 3355 ταχείαν
592 3271 787 3357 ἀπαλλαγήν
808 3286 876 3340 τῶν
898 3276 1072 3361 βασιλέων.
1116 3278 1134 3343 δ

119 3377 151 3442 δ’
173 3380 213 3443 οὺ
231 3380 445 3464 προσδέξεται
463 3379 521 3454 τὰς
540 3379 668 3460 δεήσεις
686 3381 791 3465 ὑμῶν,
814 3381 897 3447 ἀλλά
915 3383 1135 3469 παραπέμψας
1148 3401 1174 3441 ³⁰

191 3499 546 3569 §39=1Rag.vss19.

328 3752 433 3778 A
504 3758 514 3777 a
