2400 3840
507 109 659 160 EBAOMH
1048 109 1091 174 89

70 269 225 351 Δαυίδης
246 267 308 351 τήν
330 278 472 350 γυναῖκα
495 269 634 333 δικαιῶν
657 268 846 352 ἀπολαβεῖν.
888 268 1091 351 συγκαλέσας

72 372 112 439 δὲ
135 372 190 438 καί
213 377 291 451 τοὺς
314 377 535 460 γεγηρακότας
558 384 618 439 τοῦ
640 376 792 458 πλήθους
817 372 872 438 καὶ
895 374 1091 461 ταξιάρχους

70 478 128 545 καὶ
142 481 343 566 χιλιάρχους,
363 483 484 563 λόγους
498 480 673 563 έποιήσατο
687 481 770 567 πρὸς
789 481 921 564 αύτούς,
943 482 1030 565 <27>
1045 484 1090 560 ῶς

72 590 209 671 ἔχοντας
237 585 375 670 ἑτοίμως
402 586 585 670 ἀποστῆναι
613 583 865 671 μδνιἸεβόσθον
890 589 1024 672 Δαυίδη
1053 586 1090 654 δὲ

42 719 56 759 5
71 691 284 779 προσθέσθαι
304 694 424 776 ταύτης
442 692 659 779 ἀποστρέψειε
677 703 735 777 τῆς
753 694 867 780 δρμῖχς,
890 704 955 760 νῦν
975 694 1089 778 μέντοι

70 797 103 881 γ’
130 798 300 885 ἐπιτρέποι
323 811 444 885 χωρεῖν
467 793 697 884 ήβούλονται·
723 798 779 864 καὶ
802 803 865 887 γάρ
887 799 1011 866 είδέναι
1030 804 1089 867 τὸν

70 907 157 970 θεὸν
180 907 235 970 διά
258 907 462 989 Σαμουήλου
486 915 547 971 τοῦ
569 907 743 991 προφήτου
766 908 921 990 Δαυίδην
943 930 1088 994 χειροτο-

69 1013 218 1093 νήσαντα
244 1011 380 1077 πάντων
403 1009 566 1095 Ἑβραίων
594 1011 746 1096 βασιλέα,
778 1025 949 1099 προειπεῖν
977 1012 1007 1078 δ’
1038 1015 1088 1079 ότι

71 1122 319 1194 Παλαιστινοὺς
347 1117 472 1194 έκεῖνος
499 1118 599 1194 αὐτὸς
627 1120 846 1204 τιμωρήσεται
875 1117 930 1184 καὶ
958 1122 1089 1202 ποιήσει

27 1248 56 1288 10
69 1225 235 1309 κρατήσας
257 1225 478 1310 ὑποχειρίους.
523 1223 610 1309 <28>
628 1222 718 1289 ταῦτ’
742 1223 943 1301 ἀκούσαντες
961 1227 996 1290 οί
1012 1248 1088 1312 πρε-

70 1331 226 1416 σβύτεροι
244 1328 299 1394 καὶ
317 1329 486 1413 ἡγεμόνες,
510 1329 555 1406 ὡς
572 1328 627 1394 καί
645 1331 707 1413 τήν
723 1328 923 1416 Ἀβεννήρου
942 1332 1088 1416 γνώμην,

68 1429 91 1520 ᾗ
118 1438 281 1520 πρότερον
314 1431 404 1519 εἶχον
435 1433 530 1500 αὐτοὶ
562 1433 638 1521 περὶ
664 1446 732 1500 τῶν
759 1436 975 1521 πραγμάτων,
1008 1439 1088 1523 σύμ-

69 1565 187 1626 φωνον
212 1540 418 1628 παρέλαβρν,
445 1544 486 1607 τά
508 1543 664 1607 Δαυίδου
691 1554 832 1629 φρονεῖν
859 1543 1088 1628 μετεβάλοντο.

68 1648 157 1731 <29>
180 1645 388 1712 πεισθέντων
412 1644 448 1713 δὲ
471 1648 599 1713 τούτων
619 1645 816 1733 Ἀβέννηρος
843 1656 1003 1732 συγκαλεῖ
1027 1651 1088 1734 τήν

28 1776 53 1818 15
68 1757 265 1839 Βενιαμῖτιν
286 1756 398 1838 φυλήν
420 1752 470 1841 (οί
485 1755 549 1839 γάρ
568 1753 604 1818 έκ
621 1754 742 1836 ταύτης
760 1756 901 1831 ἀπαντες
917 1754 1089 1840 Ἰεβόσθου

67 1862 347 1944 σωματοφύλακες
377 1855 493 1948 ἦσαν),
525 1856 580 1923 καὶ
612 1860 715 1924 ταύτά
746 1861 830 1944 πρὸς
862 1861 984 1937 αὐτοὺς
1017 1862 1088 1926 δια-

68 1969 215 2050 λεχθείς,
248 1963 318 2031 έπεί
351 1962 455 2049 μηδὲν
488 1963 746 2050 ἀντικρούοντας
779 1963 879 2051 ἑώρα,
910 1974 1088 2051 προστιθε-

67 2070 190 2157 μένους
219 2069 249 2136 δ’
282 2063 333 2148 οἷς
366 2071 538 2156 ἐβούλετο,
573 2073 776 2156 παραλαβὼν
809 2072 853 2148 ως
885 2078 988 2138 είκοσι
1020 2086 1088 2139 τῶν

68 2176 210 2263 ἑταίρων
237 2173 295 2261 ήκε
322 2180 405 2264 πρὸς
432 2179 602 2261 Δαυίδην,
629 2180 708 2254 τούς
733 2179 853 2264 ὅρκους
879 2177 957 2265 παρ’
984 2181 1087 2246 αύτοῦ

26 2306 52 2346 ιο
67 2286 256 2369 ληψόμενος
275 2285 374 2361 αύτός
393 2284 664 2370 (πιστότεραγάρ
680 2295 749 2350 τῶν
768 2283 813 2351 δι’
830 2288 933 2352 ἀλλον
947 2310 1087 2373 πραττο-

67 2389 179 2473 μένων
207 2391 268 2456 όσα
297 2389 341 2455 δι’
370 2392 481 2456 αύτῶν
509 2391 639 2457 ἕκαστοι
666 2402 828 2477 ποιοῦμεν
856 2387 942 2458 εἶναι
971 2392 1087 2481 δοκεῖ),

67 2494 123 2560 καὶ
141 2496 277 2583 προσέτι
295 2500 374 2573 τοὺς
392 2496 593 2581 γενομένους
612 2499 700 2586 αύιςό
719 2499 840 2580 λόγους
858 2503 941 2584 πρός
954 2524 990 2565 τε
1009 2504 1087 2577 τοὺς

68 2601 233 2685 ἡγεμόνας
255 2601 311 2667 καὶ
328 2604 390 2687 τήν
409 2604 521 2688 φυλήν
540 2604 670 2668 ἀπασαν
689 2615 854 2687 σημανῶν.
900 2605 987 2688 <30>
1006 2608 1086 2670 ὑπο-

69 2707 251 2794 δεξαμένου
271 2708 301 2774 δ’
324 2709 426 2775 αὐτὸν
445 2711 670 2794 φιλοφρόνως,
688 2706 743 2772 καὶ
762 2714 894 2795 λαμπρᾷ
911 2706 966 2773 καί
986 2715 1087 2774 πολυ-

25 2834 52 2874 ιτ
68 2820 158 2879 τελεῖ
177 2814 318 2901 τραπέζῃ
341 2814 531 2893 ξενίσαντος
554 2811 607 2879 ἐπὶ
631 2815 754 2898 συχνάς
781 2811 918 2899 ήμέρας,
946 2812 1087 2897 ήξίωσεν

68 2917 209 3003 ἀφεθεὶς
236 2920 374 3002 ἀγαγεῖν
402 2923 439 2986 τὸ
467 2927 612 3005 πλῆθος,
640 2920 696 2984 ίνα
723 2922 863 3006 παρόντι
890 2917 945 2985 καὶ
969 2925 1086 3005 βλεπο-

68 3024 157 3115 μένφ
181 3027 355 3112 παραδῶσι
379 3027 440 3109 τήν
463 3026 576 3112 ἀρχήν.

135 3134 223 3215 <31>
244 3131 469 3216 ἐκπέμψαντος
492 3129 530 3197 δὲ
550 3143 610 3198 τοῦ
628 3134 783 3198 Δαυίδου
801 3135 861 3197 τὸν
877 3129 1086 3218 Ἁβέννηρον,
1105 3148 1122 3196 5

67 3236 142 3302 οὐδ’
164 3239 281 3320 ὀλίγον
301 3238 463 3302 διαλιπὼν
483 3239 530 3313 είς
549 3241 709 3323 Χεβρῶνα
727 3232 806 3320 ήκεν
817 3235 949 3320 Ἰώαβος
963 3237 981 3302 ὁ
996 3237 1087 3324 ἀρχι-

23 3365 52 3405 ιο
67 3344 251 3429 στράτηγος
269 3344 383 3426 αὐτοῦ,
404 3341 459 3408 καί
478 3345 598 3427 μαθὼν
618 3345 663 3420 ῶς
681 3349 731 3425 είη
750 3343 866 3427 παρὼν
883 3345 966 3428 πρὸς
985 3345 1087 3410 αὐτὸν

141 3470 209 3530 §27
230 3464 503 3532 =2Reg.11117.
