2400 3840
108 130 174 195 370
479 128 754 181 A1¹xA10A0r1A2

109 294 291 375 Aavnjaov.
343 292 460 373 <259>
489 287 564 374 μεθ’
597 286 724 372 ἡμέραν
753 284 783 350 θ’
815 285 962 360 ἀναστὰς
993 282 1045 348 έπὶ
1072 283 1124 345 τὸν

111 399 233 464 λάκκον
260 393 360 481 ἦλθε,
387 394 442 461 καί
470 393 660 479 σωζομένην
687 394 749 475 τῆν
777 393 950 475 σφραγῖδα
978 389 1084 474 εὑρὼν
1107 379 1125 469 ᾖ

111 504 340 589 σημηνάμενος
358 504 418 568 τὸν
437 504 537 567 λίθον
555 503 790 582 κατελελοίπει,
809 496 945 574 ἀνοίξας
964 496 1125 579 ἀνεβόησε,

111 615 222 675 καλῶν
253 611 314 674 τὸν
343 613 516 692 Δανιῆλον
547 603 603 671 καί
635 607 895 688 πυνθανόμενος
928 605 960 667 εί
991 604 1125 680 σώζεται.

111 724 172 781 τοῦ
196 712 226 779 δ’
247 715 499 791 ὑπακούσαντος
521 722 566 801 τῷ
590 716 721 797 βασιλεῖ
737 708 793 776 καί
817 705 924 795 μηδὲν
941 716 1067 774 παθεῖν
1088 708 1144 770 εί-5

112 822 248 902 πόντος,
272 819 444 888 ἐκέλευσεν
466 819 571 886 αὐτὸν
593 819 843 900 ἀνελκυσθῆναι
867 815 903 881 ἐκ
925 825 989 881 τοῦ
1012 815 1126 881 λάκκον

112 937 180 993 τῶν
211 929 353 1011 θηρίων.
406 927 524 1009 <260>
558 927 594 990 οί
624 923 655 989 θ’
689 922 807 1010 ἐχθροί
839 922 1045 1006 θεασάμενοι
1076 921 1127 984 τὸν

112 1026 285 1115 Λανιῆλον
308 1026 414 1116 μηθέν
435 1031 628 1097 πεπονθότα
651 1030 780 1112 δεινόν,
809 1029 865 1093 θιά
888 1025 950 1112 μέν
973 1030 1013 1093 τὸ
1039 1033 1127 1092 θεῖον

112 1134 166 1203 καί
190 1135 252 1220 τῆν
274 1137 396 1203 τούτου
418 1139 582 1222 πρόνοιαν
605 1137 666 1203 οὐκ
688 1135 806 1219 ἠξίουν
828 1134 933 1199 αὐτὸν
960 1135 1128 1213 σώζεσθαι,

112 1240 392 1327 πεπληρωμένους
420 1238 457 1309 θλ
485 1245 564 1320 τοὺς
590 1240 728 1319 λέοντας
755 1250 882 1327 τροφῆς
909 1241 954 1324 μὴ
983 1242 1128 1319 ἅψασθαι
1140 1254 1157 1295 10

113 1344 196 1434 μηδέ
219 1356 422 1435 προσελθεῖν
440 1359 486 1438 τῷ
503 1350 663 1437 Δανιήλῳ
684 1351 884 1432 νομίζοντες,
906 1344 998 1412 τοῦτ’
1023 1351 1129 1429 ἔλεγον

113 1455 197 1539 πρὸς
224 1456 284 1521 τὸν
313 1453 459 1542 βασιλέα.
504 1454 623 1540 <261>
650 1454 669 1520 ὃ
693 1451 731 1520 δὲ
758 1455 900 1539 μισήσας
927 1454 1053 1530 αὐτοὺς
1079 1461 1130 1535 τῆς

114 1563 287 1645 πονηρίας,
305 1564 562 1646 παραβληθῆναι
582 1556 644 1646 μέν
661 1562 769 1626 πολλὰ
786 1561 914 1625 κελεύει
932 1570 1004 1636 τοῖς
1024 1558 1130 1624 λέουσι

113 1663 209 1751 κρέα,
238 1662 470 1750 κορεσθέντων
500 1664 530 1733 θ’
561 1665 673 1733 αὐτῶν
700 1667 777 1742 τοὺς
806 1664 950 1751 ἐχθροὺς
977 1675 1040 1730 τοῦ
1067 1670 1131 1729 Δα-

113 1772 233 1858 νιήλου
255 1769 455 1858 προσέταξεν
482 1775 530 1852 είς
556 1775 616 1839 τὸν
643 1773 766 1838 λάκκον
794 1770 1020 1856 ἐμβληθῆναι,
1049 1773 1132 1845 ὅπως
1144 1786 1162 1827 1⁵

115 1880 146 1944 εί
168 1880 224 1946 διὰ
247 1881 349 1964 κόρον
372 1879 486 1957 αὐτοῖς
509 1878 551 1945 οὐ
573 1877 793 1965 προσέξουσιν
817 1878 852 1943 οί
868 1875 1001 1955 λέοντες
1022 1879 1132 1962 μάθοι.

115 1985 225 2068 <262>
249 1980 354 2069 σαφές
376 1982 408 2050 θ’
430 1983 559 2068 ἐγένετο
578 1987 723 2074 Δαρείῳ,
746 1995 814 2050 τῶν
832 1997 1011 2068 σατραπῶν
1033 2007 1133 2069 παρα-

115 2088 311 2173 βληθέντων
334 2101 405 2167 τοῖς
428 2095 577 2176 θηρίοις,
601 2093 651 2157 ὅτι
675 2091 712 2156 τὸ
735 2096 834 2156 θεῖον
858 2093 960 2155 ἔσωσε
984 2093 1045 2156 τὸν
1069 2096 1133 2155 Δα-

116 2199 246 2275 νίηλον·
271 2193 410 2271 οὐδενὸς
428 2196 491 2278 γάρ
509 2196 621 2262 αὐτῶν
640 2195 816 2279 ἐφείσαντο
837 2197 871 2260 οί
888 2193 1030 2279 λέοντες,
1055 2197 1134 2262 ἀλλὰ

115 2296 240 2374 πάντας
263 2297 503 2382 διεσπάραττον
532 2298 653 2364 ὡσανεί
680 2302 812 2386 σφόδρα
836 2304 1056 2386 λιμώττοντες
1083 2299 1168 2368 καίεο

116 2410 243 2488 τροφῆς
267 2399 399 2479 ἐνδεεῖς.
445 2401 584 2488 ῆρέθισε
607 2401 638 2468 θ’
665 2404 788 2483 αὐτοὺς
810 2407 851 2472 οὐ
874 2410 911 2472 τὸ
935 2418 1067 2493 πεινῆν,
1091 2405 1136 2473 οῖ-

117 2533 191 2595 μαι,
221 2509 340 2595 μικρὸν
368 2510 559 2596 ἔμπροσθεν
587 2510 751 2596 ἀφθόνων
778 2525 885 2599 κρεῶν
913 2512 1138 2598 ἐμπεπλησμέ-

117 2641 209 2702 νους,
232 2614 303 2684 ἀλλ’
329 2616 436 2703 ἡτῶν
455 2618 645 2703 ἀνθρώπων
667 2623 777 2684 κακία·
801 2619 884 2702 θῆλη
903 2620 966 2703 γὰρ
986 2620 1050 2685 κάν
1069 2632 1139 2698 τοῖς

118 2722 252 2807 ἀλόγοις
274 2724 357 2809 αὕτη
382 2726 475 2815 ζῴοις
497 2728 580 2813 πρὸς
602 2730 764 2812 τιμωρίαν
792 2724 936 2809 γένοιτο,
964 2736 1025 2791 τοῦ
1053 2734 1139 2793 θεοῦ

118 2830 396 2916 προαιρουμένου.
1151 2847 1172 2888 2⁵

84 2952 99 3002 ῖ
186 2937 310 3020 <⁴263>
344 2936 603 3024 διαφθαρέντων
635 2934 697 3004 οὖν
728 2950 796 3005 τῶν
828 2937 1139 3021 ἐπιβουλευσάντων

119 3044 278 3130 Δανιῆλφ
301 3051 422 3109 τοῦτον
444 3046 505 3110 τὸν
523 3046 658 3126 τρόπον,
682 3044 700 3109 ὁ
720 3048 876 3127 βασιλεὺς
894 3049 1039 3129 Δαρεῖος
1057 3046 1136 3113 καθ’

121 3147 203 3231 ὅλην
222 3149 345 3232 έπεμψε
363 3150 425 3233 τῆν
441 3151 552 3233 χώραν
571 3147 717 3214 ἐπαινῶν
735 3152 795 3217 τὸν
813 3153 896 3217 θεὸν
915 3150 955 3215 ὃν
968 3155 1141 3236 Λανιῆλος

120 3265 317 3338 προσκυνεῖ,
348 3252 403 3319 καὶ
431 3256 535 3337 μόνον
563 3252 667 3318 αὐτὸν
694 3249 780 3322 εἶναι
808 3253 915 3339 λέγων
944 3255 1055 3340 ἀληθῆ
1084 3258 1140 3323 καὶ

121 3362 159 3424 τὸ
183 3371 249 3428 πᾶν
272 3361 392 3448 κράτος
414 3361 539 3444 ἔχοντα.
586 3361 660 3446 έσχε
682 3358 721 3427 δέ
741 3362 797 3428 καὶ
823 3364 883 3428 τὸν
905 3368 1079 3447 Λανιῆλον
1103 3364 1140 3429 έν
1153 3382 1172 3422 υ

195 3482 409 3546 εεοοεῦωι.
425 3480 464 3535 VI
478 3488 521 3536 ευ.
