<?xml version="1.0" encoding="UTF-8"?>
<!DOCTYPE html PUBLIC "-//W3C//DTD XHTML 1.0 Transitional//EN"
    "http://www.w3.org/TR/xhtml1/DTD/xhtml1-transitional.dtd">
<html xmlns="http://www.w3.org/1999/xhtml" xml:lang="en" lang="en">
 <head>
  <title>
</title>
<meta http-equiv="Content-Type" content="text/html;charset=utf-8" />
  <meta name='ocr-system' content='tesseract 3.04.00' />
  <meta name='ocr-capabilities' content='ocr_page ocr_carea ocr_par ocr_line ocrx_word'/>
</head>
<body>
  <div class='ocr_page' id='page_1' title='image "./operaomniaposti03nabegoog_0250.png"; bbox 0 0 2400 3840; ppageno 0'>
   <div class='ocr_carea' id='block_1_1' title="bbox 89 150 731 218">
    <p class='ocr_par' dir='ltr' id='par_1_1' title="bbox 89 150 731 218">
     <span class='ocr_line' id='line_1_1' title="bbox 89 150 731 218; baseline 0.005 -14"><span class='ocrx_word' id='word_1_1' title='bbox 89 152 152 218; x_wconf 79' lang='lat'><strong><em>198</em></strong></span> <span class='ocrx_word' id='word_1_2' title='bbox 456 150 731 207; x_wconf 74' lang='grc' dir='ltr'><strong><em>εεωοεοειεΣ</em></strong></span> 
     </span>
    </p>
   </div>
   <div class='ocr_carea' id='block_1_2' title="bbox 84 307 1137 2740">
    <p class='ocr_par' dir='ltr' id='par_1_2' title="bbox 84 307 1137 2740">
     <span class='ocr_line' id='line_1_2' title="bbox 87 307 1099 402; baseline -0.001 -21"><span class='ocrx_word' id='word_1_3' title='bbox 87 318 154 395; x_wconf 74' lang='grc' dir='ltr'><strong><em>ζειν</em></strong></span> <span class='ocrx_word' id='word_1_4' title='bbox 182 314 378 402; x_wconf 75' lang='grc' dir='ltr'><strong><em>ἐπιστήμην,</em></strong></span> <span class='ocrx_word' id='word_1_5' title='bbox 409 310 469 398; x_wconf 84' lang='grc' dir='ltr'><strong><em>ὑφ’</em></strong></span> <span class='ocrx_word' id='word_1_6' title='bbox 500 307 548 381; x_wconf 84' lang='grc' dir='ltr'><strong><em>ὑν</em></strong></span> <span class='ocrx_word' id='word_1_7' title='bbox 575 311 751 399; x_wconf 72' lang='grc' dir='ltr'><strong><em>ἐπεποίητο</em></strong></span> <span class='ocrx_word' id='word_1_8' title='bbox 780 312 912 402; x_wconf 92' lang='grc' dir='ltr'><strong><em>δένδρα</em></strong></span> <span class='ocrx_word' id='word_1_9' title='bbox 940 314 997 383; x_wconf 84' lang='grc' dir='ltr'><strong><em>καὶ</em></strong></span> <span class='ocrx_word' id='word_1_10' title='bbox 1023 315 1099 400; x_wconf 75' lang='grc' dir='ltr'><strong><em>φυτὰ</em></strong></span> 
     </span>
     <span class='ocr_line' id='line_1_3' title="bbox 86 417 1100 511; baseline 0 -23"><span class='ocrx_word' id='word_1_11' title='bbox 86 434 243 506; x_wconf 79' lang='grc' dir='ltr'><strong><em>παντοία,</em></strong></span> <span class='ocrx_word' id='word_1_12' title='bbox 270 423 389 488; x_wconf 81' lang='grc' dir='ltr'><strong><em>σύσκια</em></strong></span> <span class='ocrx_word' id='word_1_13' title='bbox 417 429 487 499; x_wconf 88' lang='grc' dir='ltr'><strong><em>τοίς</em></strong></span> <span class='ocrx_word' id='word_1_14' title='bbox 512 418 650 499; x_wconf 77' lang='grc' dir='ltr'><strong><em>κλάδοις</em></strong></span> <span class='ocrx_word' id='word_1_15' title='bbox 674 417 732 486; x_wconf 81' lang='grc' dir='ltr'><strong><em>καί</em></strong></span> <span class='ocrx_word' id='word_1_16' title='bbox 758 430 832 500; x_wconf 83' lang='grc' dir='ltr'><strong><em>τοίς</em></strong></span> <span class='ocrx_word' id='word_1_17' title='bbox 857 420 1100 511; x_wconf 69' lang='grc' dir='ltr'><strong><em>ἐκκρεμαμένοις</em></strong></span> 
     </span>
     <span class='ocr_line' id='line_1_4' title="bbox 87 523 1098 610; baseline 0.002 -17"><span class='ocrx_word' id='word_1_18' title='bbox 87 526 199 593; x_wconf 83' lang='grc' dir='ltr'><strong><em>αὐτῶν</em></strong></span> <span class='ocrx_word' id='word_1_19' title='bbox 221 526 385 610; x_wconf 77' lang='grc' dir='ltr'><em>πετάλοις,</em></span> <span class='ocrx_word' id='word_1_20' title='bbox 408 524 453 604; x_wconf 83' lang='grc' dir='ltr'><strong><em>ίις</em></strong></span> <span class='ocrx_word' id='word_1_21' title='bbox 475 524 635 593; x_wconf 82' lang='grc' dir='ltr'><strong><em>ὑπονοείν</em></strong></span> <span class='ocrx_word' id='word_1_22' title='bbox 657 524 743 592; x_wconf 74' lang='grc' dir='ltr'><strong><em>αὑτὰ</em></strong></span> <span class='ocrx_word' id='word_1_23' title='bbox 762 523 820 592; x_wconf 83' lang='grc' dir='ltr'><strong><em>καί</em></strong></span> <span class='ocrx_word' id='word_1_24' title='bbox 838 529 1047 597; x_wconf 76' lang='grc' dir='ltr'><strong><em>σαλεύεσθαι</em></strong></span> <span class='ocrx_word' id='word_1_25' title='bbox 1063 526 1098 595; x_wconf 83' lang='grc' dir='ltr'><strong><em>δι’</em></strong></span> 
     </span>
     <span class='ocr_line' id='line_1_5' title="bbox 86 632 1136 731; baseline 0.003 -31"><span class='ocrx_word' id='word_1_26' title='bbox 86 634 276 721; x_wconf 85' lang='grc' dir='ltr'><strong><em>ὑπερβολήν</em></strong></span> <span class='ocrx_word' id='word_1_27' title='bbox 312 633 523 716; x_wconf 73' lang='grc' dir='ltr'><strong><em>λεπτότητος,</em></strong></span> <span class='ocrx_word' id='word_1_28' title='bbox 558 632 770 724; x_wconf 69' lang='grc' dir='ltr'><strong><em>καλύπτοντα</em></strong></span> <span class='ocrx_word' id='word_1_29' title='bbox 805 633 870 700; x_wconf 88' lang='grc' dir='ltr'><strong><em>τὸν</em></strong></span> <span class='ocrx_word' id='word_1_30' title='bbox 905 634 966 703; x_wconf 87' lang='grc' dir='ltr'><strong><em>ὑπ’</em></strong></span> <span class='ocrx_word' id='word_1_31' title='bbox 1001 636 1103 714; x_wconf 74' lang='grc' dir='ltr'><strong><em>αὐτοῖς</em></strong></span> <span class='ocrx_word' id='word_1_32' title='bbox 1132 725 1136 731; x_wconf 25' lang='grc'>1</span> 
     </span>
     <span class='ocr_line' id='line_1_6' title="bbox 87 735 1119 829; baseline -0.002 -19"><span class='ocrx_word' id='word_1_33' title='bbox 87 745 198 810; x_wconf 88' lang='grc' dir='ltr'><strong><em>λίθον.</em></strong></span> <span class='ocrx_word' id='word_1_34' title='bbox 242 739 362 824; x_wconf 80' lang='grc'>&lt;137&gt;</span> <span class='ocrx_word' id='word_1_35' title='bbox 388 739 426 805; x_wconf 86' lang='grc' dir='ltr'><strong><em>τὸ</em></strong></span> <span class='ocrx_word' id='word_1_36' title='bbox 452 735 483 804; x_wconf 87' lang='grc' dir='ltr'><strong><em>δ’</em></strong></span> <span class='ocrx_word' id='word_1_37' title='bbox 508 739 590 805; x_wconf 78' lang='grc' dir='ltr'><strong><em>ἄλλο</em></strong></span> <span class='ocrx_word' id='word_1_38' title='bbox 617 735 713 824; x_wconf 79' lang='grc' dir='ltr'><strong><em>μέχρι</em></strong></span> <span class='ocrx_word' id='word_1_39' title='bbox 740 746 801 823; x_wconf 83' lang='grc' dir='ltr'><strong><em>τῆς</em></strong></span> <span class='ocrx_word' id='word_1_40' title='bbox 826 737 952 826; x_wconf 88' lang='grc' dir='ltr'><strong><em>στέγης</em></strong></span> <span class='ocrx_word' id='word_1_41' title='bbox 977 745 1119 829; x_wconf 66' lang='grc' dir='ltr'><strong><em>χριστὸνί</em></strong></span> 
     </span>
     <span class='ocr_line' id='line_1_7' title="bbox 86 841 1104 936; baseline 0.003 -23"><span class='ocrx_word' id='word_1_42' title='bbox 86 842 129 932; x_wconf 87' lang='grc' dir='ltr'><strong><em>ήν</em></strong></span> <span class='ocrx_word' id='word_1_43' title='bbox 151 846 207 914; x_wconf 81' lang='grc' dir='ltr'><strong><em>καί</em></strong></span> <span class='ocrx_word' id='word_1_44' title='bbox 224 841 564 929; x_wconf 73' lang='grc' dir='ltr'><strong><em>καταπεποικιλμένον</em></strong></span> <span class='ocrx_word' id='word_1_45' title='bbox 581 844 730 930; x_wconf 78' lang='grc' dir='ltr'><strong><em>χρώμασι</em></strong></span> <span class='ocrx_word' id='word_1_46' title='bbox 749 841 808 911; x_wconf 82' lang='grc' dir='ltr'><strong><em>καί</em></strong></span> <span class='ocrx_word' id='word_1_47' title='bbox 826 849 967 932; x_wconf 80' lang='grc' dir='ltr'><strong><em>βαφαίς.</em></strong></span> <span class='ocrx_word' id='word_1_48' title='bbox 1013 865 1104 936; x_wconf 83' lang='grc' dir='ltr'><strong><em>προσ·</em></strong></span> 
     </span>
     <span class='ocr_line' id='line_1_8' title="bbox 86 948 1105 1042; baseline 0.002 -22"><span class='ocrx_word' id='word_1_49' title='bbox 86 954 303 1019; x_wconf 78' lang='grc' dir='ltr'><strong><em>κατεσκεύασε</em></strong></span> <span class='ocrx_word' id='word_1_50' title='bbox 335 948 373 1016; x_wconf 70' lang='grc' dir='ltr'><strong><em>δέ</em></strong></span> <span class='ocrx_word' id='word_1_51' title='bbox 404 951 488 1038; x_wconf 85' lang='grc' dir='ltr'><strong><em>πρὸς</em></strong></span> <span class='ocrx_word' id='word_1_52' title='bbox 514 950 645 1028; x_wconf 89' lang='grc' dir='ltr'><strong><em>τούτοις</em></strong></span> <span class='ocrx_word' id='word_1_53' title='bbox 675 951 761 1018; x_wconf 78' lang='grc' dir='ltr'><strong><em>ἄλλα</em></strong></span> <span class='ocrx_word' id='word_1_54' title='bbox 791 974 830 1018; x_wconf 86' lang='grc' dir='ltr'><strong><em>τε</em></strong></span> <span class='ocrx_word' id='word_1_55' title='bbox 858 954 951 1040; x_wconf 86' lang='grc' dir='ltr'><strong><em>πρὸς</em></strong></span> <span class='ocrx_word' id='word_1_56' title='bbox 981 955 1105 1042; x_wconf 87' lang='grc' dir='ltr'><strong><em>τρυφήν</em></strong></span> 
     </span>
     <span class='ocr_line' id='line_1_9' title="bbox 87 1054 1104 1151; baseline 0.007 -29"><span class='ocrx_word' id='word_1_57' title='bbox 87 1060 247 1142; x_wconf 80' lang='grc' dir='ltr'><strong><em>οἰκήματα</em></strong></span> <span class='ocrx_word' id='word_1_58' title='bbox 268 1054 324 1122; x_wconf 85' lang='grc' dir='ltr'><strong><em>καὶ</em></strong></span> <span class='ocrx_word' id='word_1_59' title='bbox 347 1057 389 1140; x_wconf 81' lang='grc' dir='ltr'><strong><em>δή</em></strong></span> <span class='ocrx_word' id='word_1_60' title='bbox 412 1054 469 1122; x_wconf 81' lang='grc' dir='ltr'><strong><em>καί</em></strong></span> <span class='ocrx_word' id='word_1_61' title='bbox 492 1057 592 1135; x_wconf 79' lang='grc' dir='ltr'><strong><em>στοὰς</em></strong></span> <span class='ocrx_word' id='word_1_62' title='bbox 612 1059 771 1141; x_wconf 80' lang='grc' dir='ltr'><strong><em>μηκίστας</em></strong></span> <span class='ocrx_word' id='word_1_63' title='bbox 792 1055 851 1126; x_wconf 84' lang='grc' dir='ltr'><strong><em>καί</em></strong></span> <span class='ocrx_word' id='word_1_64' title='bbox 873 1057 916 1124; x_wconf 83' lang='grc' dir='ltr'><strong><em>έν</em></strong></span> <span class='ocrx_word' id='word_1_65' title='bbox 936 1067 1030 1151; x_wconf 76' lang='grc' dir='ltr'><strong><em>καλῷ</em></strong></span> <span class='ocrx_word' id='word_1_66' title='bbox 1045 1073 1104 1128; x_wconf 83' lang='grc' dir='ltr'><strong><em>τῶν</em></strong></span> 
     </span>
     <span class='ocr_line' id='line_1_10' title="bbox 86 1154 1106 1251; baseline 0.006 -23"><span class='ocrx_word' id='word_1_67' title='bbox 86 1165 265 1247; x_wconf 88' lang='grc' dir='ltr'><strong><em>βασιλείων</em></strong></span> <span class='ocrx_word' id='word_1_68' title='bbox 300 1160 467 1250; x_wconf 81' lang='grc' dir='ltr'><strong><em>κειμένας,</em></strong></span> <span class='ocrx_word' id='word_1_69' title='bbox 504 1162 541 1230; x_wconf 86' lang='grc' dir='ltr'><strong><em>έν</em></strong></span> <span class='ocrx_word' id='word_1_70' title='bbox 576 1154 631 1240; x_wconf 65' lang='lat' dir='ltr'><strong><em>als</em></strong></span> <span class='ocrx_word' id='word_1_71' title='bbox 665 1165 900 1251; x_wconf 84' lang='grc' dir='ltr'><strong><em>λαμπρότατον</em></strong></span> <span class='ocrx_word' id='word_1_72' title='bbox 940 1162 1038 1236; x_wconf 78' lang='grc' dir='ltr'><strong><em>οἶκον</em></strong></span> <span class='ocrx_word' id='word_1_73' title='bbox 1067 1170 1106 1245; x_wconf 87' lang='grc' dir='ltr'><strong><em>είς</em></strong></span> 
     </span>
     <span class='ocr_line' id='line_1_11' title="bbox 87 1268 1133 1356; baseline 0.007 -20"><span class='ocrx_word' id='word_1_74' title='bbox 87 1268 249 1350; x_wconf 79' lang='grc' dir='ltr'><strong><em>ἑστιάσεις</em></strong></span> <span class='ocrx_word' id='word_1_75' title='bbox 270 1268 326 1338; x_wconf 82' lang='grc' dir='ltr'><strong><em>καί</em></strong></span> <span class='ocrx_word' id='word_1_76' title='bbox 344 1273 521 1356; x_wconf 85' lang='grc' dir='ltr'><strong><em>συμπόσια,</em></strong></span> <span class='ocrx_word' id='word_1_77' title='bbox 543 1277 670 1356; x_wconf 85' lang='grc' dir='ltr'><strong><em>χρυσοῦ</em></strong></span> <span class='ocrx_word' id='word_1_78' title='bbox 688 1271 886 1356; x_wconf 85' lang='grc' dir='ltr'><strong><em>περίπλεων.</em></strong></span> <span class='ocrx_word' id='word_1_79' title='bbox 930 1272 991 1340; x_wconf 82' lang='grc' dir='ltr'><strong><em>καί</em></strong></span> <span class='ocrx_word' id='word_1_80' title='bbox 1012 1269 1133 1342; x_wconf 69' lang='grc' dir='ltr'><strong><em>τᾶλλαῑ·</em></strong></span> 
     </span>
     <span class='ocr_line' id='line_1_12' title="bbox 90 1376 1106 1467; baseline 0.003 -24"><span class='ocrx_word' id='word_1_81' title='bbox 90 1376 141 1462; x_wconf 87' lang='grc' dir='ltr'><strong><em>δέ,</em></strong></span> <span class='ocrx_word' id='word_1_82' title='bbox 168 1379 230 1445; x_wconf 87' lang='grc' dir='ltr'><strong><em>ὑσα</em></strong></span> <span class='ocrx_word' id='word_1_83' title='bbox 257 1387 378 1446; x_wconf 85' lang='grc' dir='ltr'><strong><em>τοῦτον</em></strong></span> <span class='ocrx_word' id='word_1_84' title='bbox 406 1380 494 1463; x_wconf 80' lang='grc' dir='ltr'><strong><em>ἔχειν</em></strong></span> <span class='ocrx_word' id='word_1_85' title='bbox 521 1376 590 1442; x_wconf 79' lang='grc' dir='ltr'><strong><em>ἔδει</em></strong></span> <span class='ocrx_word' id='word_1_86' title='bbox 616 1378 701 1464; x_wconf 88' lang='grc' dir='ltr'><strong><em>πρὸς</em></strong></span> <span class='ocrx_word' id='word_1_87' title='bbox 721 1376 784 1460; x_wconf 84' lang='grc' dir='ltr'><strong><em>τήν</em></strong></span> <span class='ocrx_word' id='word_1_88' title='bbox 805 1387 876 1443; x_wconf 81' lang='grc' dir='ltr'><strong><em>τῶν</em></strong></span> <span class='ocrx_word' id='word_1_89' title='bbox 900 1376 1106 1467; x_wconf 81' lang='grc' dir='ltr'><strong><em>ἑστιωμένων</em></strong></span> 
     </span>
     <span class='ocr_line' id='line_1_13' title="bbox 86 1480 1107 1572; baseline 0.006 -23"><span class='ocrx_word' id='word_1_90' title='bbox 86 1484 281 1569; x_wconf 84' lang='grc' dir='ltr'><strong><em>ὑπηρεσίαν,</em></strong></span> <span class='ocrx_word' id='word_1_91' title='bbox 295 1486 394 1568; x_wconf 88' lang='grc' dir='ltr'><strong><em>σκεύη</em></strong></span> <span class='ocrx_word' id='word_1_92' title='bbox 409 1480 505 1550; x_wconf 80' lang='grc' dir='ltr'><strong><em>πάντ’</em></strong></span> <span class='ocrx_word' id='word_1_93' title='bbox 523 1481 559 1549; x_wconf 77' lang='grc' dir='ltr'><strong><em>ἐκ</em></strong></span> <span class='ocrx_word' id='word_1_94' title='bbox 570 1491 698 1569; x_wconf 81' lang='grc' dir='ltr'><strong><em>χρυσοῦ</em></strong></span> <span class='ocrx_word' id='word_1_95' title='bbox 708 1485 967 1554; x_wconf 87' lang='grc' dir='ltr'><strong><em>κατεσκεύαστο.</em></strong></span> <span class='ocrx_word' id='word_1_96' title='bbox 1005 1487 1107 1572; x_wconf 77' lang='grc'>(138)</span> 
     </span>
     <span class='ocr_line' id='line_1_14' title="bbox 86 1586 1107 1677; baseline 0.005 -24"><span class='ocrx_word' id='word_1_97' title='bbox 86 1590 252 1656; x_wconf 90' lang='grc' dir='ltr'><strong><em>δύσκολον</em></strong></span> <span class='ocrx_word' id='word_1_98' title='bbox 275 1587 306 1654; x_wconf 86' lang='grc' dir='ltr'><strong><em>δ’</em></strong></span> <span class='ocrx_word' id='word_1_99' title='bbox 329 1588 398 1656; x_wconf 84' lang='grc' dir='ltr'><strong><em>έστί</em></strong></span> <span class='ocrx_word' id='word_1_100' title='bbox 415 1590 731 1677; x_wconf 70' lang='grc' dir='ltr'><strong><em>καταριθμήσασθαι</em></strong></span> <span class='ocrx_word' id='word_1_101' title='bbox 748 1586 806 1656; x_wconf 83' lang='grc' dir='ltr'><strong><em>καί</em></strong></span> <span class='ocrx_word' id='word_1_102' title='bbox 824 1589 1060 1675; x_wconf 86' lang='grc' dir='ltr'><strong><em>διηγήσασθαι</em></strong></span> <span class='ocrx_word' id='word_1_103' title='bbox 1074 1594 1107 1659; x_wconf 88' lang='grc' dir='ltr'><strong><em>τὺ</em></strong></span> 
     </span>
     <span class='ocr_line' id='line_1_15' title="bbox 86 1693 1108 1786; baseline 0.007 -25"><span class='ocrx_word' id='word_1_104' title='bbox 86 1693 229 1781; x_wconf 88' lang='grc' dir='ltr'><strong><em>μέγεθος</em></strong></span> <span class='ocrx_word' id='word_1_105' title='bbox 251 1694 306 1761; x_wconf 82' lang='grc' dir='ltr'><strong><em>καί</em></strong></span> <span class='ocrx_word' id='word_1_106' title='bbox 328 1697 391 1780; x_wconf 83' lang='grc' dir='ltr'><strong><em>τήν</em></strong></span> <span class='ocrx_word' id='word_1_107' title='bbox 408 1698 578 1764; x_wconf 90' lang='grc' dir='ltr'><strong><em>ποικιλίαν</em></strong></span> <span class='ocrx_word' id='word_1_108' title='bbox 595 1707 664 1762; x_wconf 81' lang='grc' dir='ltr'><strong><em>τῶν</em></strong></span> <span class='ocrx_word' id='word_1_109' title='bbox 686 1697 876 1780; x_wconf 87' lang='grc' dir='ltr'><strong><em>βασιλείων,</em></strong></span> <span class='ocrx_word' id='word_1_110' title='bbox 901 1697 968 1765; x_wconf 85' lang='grc' dir='ltr'><strong><em>ὅσα</em></strong></span> <span class='ocrx_word' id='word_1_111' title='bbox 992 1693 1108 1786; x_wconf 69' lang='grc' dir='ltr'><strong><em>μενήυ</em></strong></span> 
     </span>
     <span class='ocr_line' id='line_1_16' title="bbox 86 1798 1134 1888; baseline 0.007 -20"><span class='ocrx_word' id='word_1_112' title='bbox 86 1803 201 1880; x_wconf 75' lang='grc' dir='ltr'><strong><em>αὐτοῖς</em></strong></span> <span class='ocrx_word' id='word_1_113' title='bbox 222 1804 262 1869; x_wconf 79' lang='grc' dir='ltr'><strong><em>τὰ</em></strong></span> <span class='ocrx_word' id='word_1_114' title='bbox 286 1800 422 1888; x_wconf 89' lang='grc' dir='ltr'><strong><em>μέγιστα</em></strong></span> <span class='ocrx_word' id='word_1_115' title='bbox 446 1804 617 1888; x_wconf 77' lang='grc' dir='ltr'><strong><em>οἰκήματα,</em></strong></span> <span class='ocrx_word' id='word_1_116' title='bbox 639 1804 726 1869; x_wconf 91' lang='grc' dir='ltr'><strong><em>πόσα</em></strong></span> <span class='ocrx_word' id='word_1_117' title='bbox 748 1798 850 1869; x_wconf 72' lang='grc' dir='ltr'><strong><em>δέκα</em></strong></span> <span class='ocrx_word' id='word_1_118' title='bbox 871 1805 1010 1872; x_wconf 91' lang='grc' dir='ltr'><strong><em>τούτων</em></strong></span> <span class='ocrx_word' id='word_1_119' title='bbox 1032 1807 1134 1874; x_wconf 59' lang='grc' dir='ltr'><strong><em>ὑπεύ</em></strong></span> 
     </span>
     <span class='ocr_line' id='line_1_17' title="bbox 86 1906 1108 1998; baseline 0.005 -24"><span class='ocrx_word' id='word_1_120' title='bbox 86 1908 255 1998; x_wconf 85' lang='grc' dir='ltr'><strong><em>δεέστερα,</em></strong></span> <span class='ocrx_word' id='word_1_121' title='bbox 287 1908 343 1978; x_wconf 85' lang='grc' dir='ltr'><strong><em>καὶ</em></strong></span> <span class='ocrx_word' id='word_1_122' title='bbox 374 1914 460 1978; x_wconf 91' lang='grc' dir='ltr'><strong><em>πόσα</em></strong></span> <span class='ocrx_word' id='word_1_123' title='bbox 492 1911 631 1993; x_wconf 80' lang='grc' dir='ltr'><strong><em>ὑπόγεια</em></strong></span> <span class='ocrx_word' id='word_1_124' title='bbox 657 1906 713 1975; x_wconf 86' lang='grc' dir='ltr'><strong><em>καί</em></strong></span> <span class='ocrx_word' id='word_1_125' title='bbox 726 1935 727 1939; x_wconf 63' lang='grc'>’</span> <span class='ocrx_word' id='word_1_126' title='bbox 740 1907 869 1994; x_wconf 80' lang='grc' dir='ltr'><strong><em>ἀφανῆ,</em></strong></span> <span class='ocrx_word' id='word_1_127' title='bbox 902 1912 942 1976; x_wconf 93' lang='grc' dir='ltr'><strong><em>τό</em></strong></span> <span class='ocrx_word' id='word_1_128' title='bbox 976 1934 1016 1979; x_wconf 92' lang='grc' dir='ltr'><strong><em>τε</em></strong></span> <span class='ocrx_word' id='word_1_129' title='bbox 1033 1922 1108 1979; x_wconf 81' lang='grc' dir='ltr'><strong><em>-τῶυ</em></strong></span> 
     </span>
     <span class='ocr_line' id='line_1_18' title="bbox 86 2014 1108 2106; baseline 0.003 -25"><span class='ocrx_word' id='word_1_130' title='bbox 86 2016 278 2103; x_wconf 48' lang='grc' dir='ltr'><strong><em>ιίνειμένωνἸ</em></strong></span> <span class='ocrx_word' id='word_1_131' title='bbox 294 2021 342 2096; x_wconf 90' lang='grc' dir='ltr'><strong><em>είς</em></strong></span> <span class='ocrx_word' id='word_1_132' title='bbox 364 2016 445 2105; x_wconf 81' lang='grc' dir='ltr'><strong><em>ἀέρα</em></strong></span> <span class='ocrx_word' id='word_1_133' title='bbox 467 2018 590 2096; x_wconf 84' lang='grc' dir='ltr'><strong><em>κύλλος</em></strong></span> <span class='ocrx_word' id='word_1_134' title='bbox 610 2014 665 2083; x_wconf 82' lang='grc' dir='ltr'><strong><em>καὶ</em></strong></span> <span class='ocrx_word' id='word_1_135' title='bbox 688 2016 729 2082; x_wconf 80' lang='grc' dir='ltr'><strong><em>τὰ</em></strong></span> <span class='ocrx_word' id='word_1_136' title='bbox 751 2016 835 2099; x_wconf 77' lang='grc' dir='ltr'><strong><em>ἄλση</em></strong></span> <span class='ocrx_word' id='word_1_137' title='bbox 855 2017 943 2102; x_wconf 71' lang='grc' dir='ltr'><strong><em>πρὸς</em></strong></span> <span class='ocrx_word' id='word_1_138' title='bbox 959 2023 1108 2106; x_wconf 83' lang='grc' dir='ltr'><strong><em>θεωρίαν</em></strong></span> 
     </span>
     <span class='ocr_line' id='line_1_19' title="bbox 86 2117 1108 2208; baseline 0.004 -23"><span class='ocrx_word' id='word_1_139' title='bbox 86 2119 361 2207; x_wconf 76' lang='grc' dir='ltr'><strong><em>ἐπιτερπεστάτην</em></strong></span> <span class='ocrx_word' id='word_1_140' title='bbox 378 2121 434 2189; x_wconf 77' lang='grc' dir='ltr'><strong><em>καὶ</em></strong></span> <span class='ocrx_word' id='word_1_141' title='bbox 453 2122 578 2208; x_wconf 86' lang='grc' dir='ltr'><strong><em>θέρους</em></strong></span> <span class='ocrx_word' id='word_1_142' title='bbox 596 2122 776 2207; x_wconf 77' lang='grc' dir='ltr'><strong><em>ὑποφυγὴν</em></strong></span> <span class='ocrx_word' id='word_1_143' title='bbox 798 2117 853 2187; x_wconf 81' lang='grc' dir='ltr'><strong><em>καί</em></strong></span> <span class='ocrx_word' id='word_1_144' title='bbox 875 2118 1007 2206; x_wconf 83' lang='grc' dir='ltr'><strong><em>σκέπην</em></strong></span> <span class='ocrx_word' id='word_1_145' title='bbox 1026 2121 1108 2192; x_wconf 77' lang='grc' dir='ltr'><strong><em>εἶναι</em></strong></span> 
     </span>
     <span class='ocr_line' id='line_1_20' title="bbox 85 2225 1107 2316; baseline 0.007 -27"><span class='ocrx_word' id='word_1_146' title='bbox 85 2235 156 2301; x_wconf 79' lang='grc' dir='ltr'><strong><em>τοῖς</em></strong></span> <span class='ocrx_word' id='word_1_147' title='bbox 174 2227 331 2308; x_wconf 86' lang='grc' dir='ltr'><strong><em>σώμασιν.</em></strong></span> <span class='ocrx_word' id='word_1_148' title='bbox 377 2227 487 2309; x_wconf 85' lang='grc'>&lt;139&gt;</span> <span class='ocrx_word' id='word_1_149' title='bbox 507 2227 544 2292; x_wconf 84' lang='grc' dir='ltr'><strong><em>έν</em></strong></span> <span class='ocrx_word' id='word_1_150' title='bbox 561 2231 731 2316; x_wconf 76' lang='grc' dir='ltr'><strong><em>κεφαλαίῳ</em></strong></span> <span class='ocrx_word' id='word_1_151' title='bbox 752 2225 782 2294; x_wconf 87' lang='grc' dir='ltr'><strong><em>δ’</em></strong></span> <span class='ocrx_word' id='word_1_152' title='bbox 804 2228 920 2311; x_wconf 78' lang='grc' dir='ltr'><strong><em>εἰπεῖν,</em></strong></span> <span class='ocrx_word' id='word_1_153' title='bbox 944 2230 1010 2313; x_wconf 83' lang='grc' dir='ltr'><strong><em>τήν</em></strong></span> <span class='ocrx_word' id='word_1_154' title='bbox 1030 2233 1107 2315; x_wconf 83' lang='grc' dir='ltr'><strong><em>ὅλην</em></strong></span> 
     </span>
     <span class='ocr_line' id='line_1_21' title="bbox 86 2327 1137 2424; baseline 0.01 -30"><span class='ocrx_word' id='word_1_155' title='bbox 86 2331 280 2412; x_wconf 76' lang='grc' dir='ltr'><strong><em>οἰκοδομίαν</em></strong></span> <span class='ocrx_word' id='word_1_156' title='bbox 312 2327 348 2394; x_wconf 77' lang='grc' dir='ltr'><strong><em>ἐκ</em></strong></span> <span class='ocrx_word' id='word_1_157' title='bbox 379 2332 482 2395; x_wconf 83' lang='grc' dir='ltr'><strong><em>λίθου</em></strong></span> <span class='ocrx_word' id='word_1_158' title='bbox 509 2336 631 2397; x_wconf 82' lang='grc' dir='ltr'><strong><em>λευκοῦ</em></strong></span> <span class='ocrx_word' id='word_1_159' title='bbox 658 2332 714 2396; x_wconf 83' lang='grc' dir='ltr'><strong><em>καὶ</em></strong></span> <span class='ocrx_word' id='word_1_160' title='bbox 741 2333 863 2420; x_wconf 87' lang='grc' dir='ltr'><strong><em>κέδρου</em></strong></span> <span class='ocrx_word' id='word_1_161' title='bbox 895 2332 952 2399; x_wconf 80' lang='grc' dir='ltr'><strong><em>καί</em></strong></span> <span class='ocrx_word' id='word_1_162' title='bbox 979 2345 1137 2424; x_wconf 72' lang='grc' dir='ltr'><strong><em>χρυσούθ</em></strong></span> 
     </span>
     <span class='ocr_line' id='line_1_22' title="bbox 84 2433 1108 2527; baseline 0.009 -27"><span class='ocrx_word' id='word_1_163' title='bbox 84 2433 139 2500; x_wconf 83' lang='grc' dir='ltr'><strong><em>καὶ</em></strong></span> <span class='ocrx_word' id='word_1_164' title='bbox 163 2434 312 2522; x_wconf 86' lang='grc' dir='ltr'><strong><em>ἀργύρου</em></strong></span> <span class='ocrx_word' id='word_1_165' title='bbox 335 2442 445 2501; x_wconf 83' lang='grc' dir='ltr'><strong><em>πᾶσαν</em></strong></span> <span class='ocrx_word' id='word_1_166' title='bbox 468 2433 655 2521; x_wconf 78' lang='grc' dir='ltr'><strong><em>ἐποιήσατο,</em></strong></span> <span class='ocrx_word' id='word_1_167' title='bbox 677 2438 756 2517; x_wconf 86' lang='grc' dir='ltr'><strong><em>τοὺς</em></strong></span> <span class='ocrx_word' id='word_1_168' title='bbox 780 2440 927 2527; x_wconf 82' lang='grc' dir='ltr'><strong><em>ὀρόφους</em></strong></span> <span class='ocrx_word' id='word_1_169' title='bbox 950 2440 1008 2507; x_wconf 81' lang='grc' dir='ltr'><strong><em>καὶ</em></strong></span> <span class='ocrx_word' id='word_1_170' title='bbox 1032 2446 1108 2520; x_wconf 88' lang='grc' dir='ltr'><strong><em>τοὺς</em></strong></span> 
     </span>
     <span class='ocr_line' id='line_1_23' title="bbox 84 2540 1107 2634; baseline 0.008 -26"><span class='ocrx_word' id='word_1_171' title='bbox 84 2546 218 2628; x_wconf 86' lang='grc' dir='ltr'><strong><em>τοίχους</em></strong></span> <span class='ocrx_word' id='word_1_172' title='bbox 235 2553 306 2621; x_wconf 81' lang='grc' dir='ltr'><strong><em>τοῖς</em></strong></span> <span class='ocrx_word' id='word_1_173' title='bbox 326 2540 566 2628; x_wconf 82' lang='grc' dir='ltr'><strong><em>ἐγκλειομένοις</em></strong></span> <span class='ocrx_word' id='word_1_174' title='bbox 583 2555 695 2634; x_wconf 78' lang='grc' dir='ltr'><strong><em>χρυσῷ</em></strong></span> <span class='ocrx_word' id='word_1_175' title='bbox 719 2548 831 2622; x_wconf 85' lang='grc' dir='ltr'><strong><em>λίθοις</em></strong></span> <span class='ocrx_word' id='word_1_176' title='bbox 849 2547 1032 2626; x_wconf 86' lang='grc' dir='ltr'><strong><em>διανθίσας</em></strong></span> <span class='ocrx_word' id='word_1_177' title='bbox 1050 2551 1107 2615; x_wconf 88' lang='grc' dir='ltr'><strong><em>τὸν</em></strong></span> 
     </span>
     <span class='ocr_line' id='line_1_24' title="bbox 86 2649 1107 2740; baseline 0.007 -25"><span class='ocrx_word' id='word_1_178' title='bbox 86 2650 188 2719; x_wconf 86' lang='grc' dir='ltr'><strong><em>αὑτὸν</em></strong></span> <span class='ocrx_word' id='word_1_179' title='bbox 211 2654 336 2740; x_wconf 88' lang='grc' dir='ltr'><strong><em>τρόπον</em></strong></span> <span class='ocrx_word' id='word_1_180' title='bbox 359 2652 405 2731; x_wconf 81' lang='grc' dir='ltr'><strong><em>ὡς</em></strong></span> <span class='ocrx_word' id='word_1_181' title='bbox 427 2649 482 2718; x_wconf 82' lang='grc' dir='ltr'><strong><em>καί</em></strong></span> <span class='ocrx_word' id='word_1_182' title='bbox 505 2654 566 2720; x_wconf 86' lang='grc' dir='ltr'><strong><em>τὸν</em></strong></span> <span class='ocrx_word' id='word_1_183' title='bbox 588 2660 648 2718; x_wconf 88' lang='grc' dir='ltr'><strong><em>τού</em></strong></span> <span class='ocrx_word' id='word_1_184' title='bbox 671 2658 756 2719; x_wconf 87' lang='grc' dir='ltr'><strong><em>θεοῦ</em></strong></span> <span class='ocrx_word' id='word_1_185' title='bbox 775 2653 860 2719; x_wconf 88' lang='grc' dir='ltr'><strong><em>ναὸν</em></strong></span> <span class='ocrx_word' id='word_1_186' title='bbox 879 2653 1013 2731; x_wconf 83' lang='grc' dir='ltr'><strong><em>τούτοις</em></strong></span> <span class='ocrx_word' id='word_1_187' title='bbox 1031 2678 1107 2721; x_wconf 86' lang='grc' dir='ltr'><strong><em>κατ-</em></strong></span> 
     </span>
    </p>
   </div>
   <div class='ocr_carea' id='block_1_3' title="bbox 84 2755 1141 3376">
    <p class='ocr_par' dir='ltr' id='par_1_3' title="bbox 84 2755 1141 3376">
     <span class='ocr_line' id='line_1_25' title="bbox 86 2755 1107 2847; baseline 0.003 -23"><span class='ocrx_word' id='word_1_188' title='bbox 86 2760 253 2840; x_wconf 81' lang='grc' dir='ltr'><strong><em>ηγλύισεν.</em></strong></span> <span class='ocrx_word' id='word_1_189' title='bbox 299 2760 418 2844; x_wconf 89' lang='grc'>&lt;140&gt;</span> <span class='ocrx_word' id='word_1_190' title='bbox 442 2761 617 2847; x_wconf 83' lang='grc' dir='ltr'><strong><em>είργύσατο</em></strong></span> <span class='ocrx_word' id='word_1_191' title='bbox 644 2756 676 2824; x_wconf 83' lang='grc' dir='ltr'><strong><em>δ’</em></strong></span> <span class='ocrx_word' id='word_1_192' title='bbox 706 2757 739 2837; x_wconf 80' lang='grc' dir='ltr'><strong><em>έξ</em></strong></span> <span class='ocrx_word' id='word_1_193' title='bbox 768 2755 947 2843; x_wconf 77' lang='grc' dir='ltr'><strong><em>ἐλέφαντος</em></strong></span> <span class='ocrx_word' id='word_1_194' title='bbox 975 2762 1107 2845; x_wconf 89' lang='grc' dir='ltr'><strong><em>θρόνον</em></strong></span> 
     </span>
     <span class='ocr_line' id='line_1_26' title="bbox 84 2864 1141 2953; baseline 0.005 -25"><span class='ocrx_word' id='word_1_195' title='bbox 84 2864 398 2950; x_wconf 84' lang='grc' dir='ltr'><strong><em>παμμεγεθέστατον</em></strong></span> <span class='ocrx_word' id='word_1_196' title='bbox 426 2865 462 2931; x_wconf 85' lang='grc' dir='ltr'><strong><em>έν</em></strong></span> <span class='ocrx_word' id='word_1_197' title='bbox 488 2875 673 2953; x_wconf 72' lang='grc' dir='ltr'><strong><em>κατασκευῇ</em></strong></span> <span class='ocrx_word' id='word_1_198' title='bbox 701 2867 860 2952; x_wconf 90' lang='grc' dir='ltr'><strong><em>βήματος,</em></strong></span> <span class='ocrx_word' id='word_1_199' title='bbox 891 2865 1012 2949; x_wconf 69' lang='grc' dir='ltr'><strong><em>,ἔχοντα</em></strong></span> <span class='ocrx_word' id='word_1_200' title='bbox 1046 2864 1141 2950; x_wconf 63' lang='grc' dir='ltr'><strong><em>μένα</em></strong></span> 
     </span>
     <span class='ocr_line' id='line_1_27' title="bbox 85 2968 1108 3059; baseline 0.005 -24"><span class='ocrx_word' id='word_1_201' title='bbox 85 2968 120 3048; x_wconf 75' lang='grc' dir='ltr'><strong><em>ἓξ</em></strong></span> <span class='ocrx_word' id='word_1_202' title='bbox 144 2970 371 3056; x_wconf 83' lang='grc' dir='ltr'><strong><em>ἀναβαθμούς,</em></strong></span> <span class='ocrx_word' id='word_1_203' title='bbox 396 2969 519 3059; x_wconf 75' lang='grc' dir='ltr'><strong><em>ἑκάστῳ</em></strong></span> <span class='ocrx_word' id='word_1_204' title='bbox 544 2969 581 3036; x_wconf 74' lang='grc' dir='ltr'><strong><em>δέ</em></strong></span> <span class='ocrx_word' id='word_1_205' title='bbox 603 2973 732 3039; x_wconf 87' lang='grc' dir='ltr'><strong><em>τούτων</em></strong></span> <span class='ocrx_word' id='word_1_206' title='bbox 755 2970 788 3051; x_wconf 79' lang='grc' dir='ltr'><strong><em>ἐξ</em></strong></span> <span class='ocrx_word' id='word_1_207' title='bbox 807 2969 965 3055; x_wconf 77' lang='grc' dir='ltr'><strong><em>ἑκατέρου</em></strong></span> <span class='ocrx_word' id='word_1_208' title='bbox 983 2970 1108 3058; x_wconf 87' lang='grc' dir='ltr'><strong><em>μέρους</em></strong></span> 
     </span>
     <span class='ocr_line' id='line_1_28' title="bbox 87 3074 1108 3160; baseline 0.006 -22"><span class='ocrx_word' id='word_1_209' title='bbox 87 3075 149 3141; x_wconf 90' lang='grc' dir='ltr'><strong><em>δύο</em></strong></span> <span class='ocrx_word' id='word_1_210' title='bbox 181 3075 314 3153; x_wconf 90' lang='grc' dir='ltr'><strong><em>λέοντες</em></strong></span> <span class='ocrx_word' id='word_1_211' title='bbox 343 3074 593 3160; x_wconf 81' lang='grc' dir='ltr'><strong><em>ἐφειστήκεσαν,</em></strong></span> <span class='ocrx_word' id='word_1_212' title='bbox 625 3078 795 3144; x_wconf 88' lang='grc' dir='ltr'><strong><em>τοσούτων</em></strong></span> <span class='ocrx_word' id='word_1_213' title='bbox 827 3079 962 3144; x_wconf 75' lang='grc' dir='ltr'><strong><em>ἄνωθεν</em></strong></span> <span class='ocrx_word' id='word_1_214' title='bbox 994 3079 1108 3145; x_wconf 74' lang='grc' dir='ltr'><strong><em>ἄλλων</em></strong></span> 
     </span>
     <span class='ocr_line' id='line_1_29' title="bbox 86 3177 1106 3271; baseline 0.006 -27"><span class='ocrx_word' id='word_1_215' title='bbox 86 3184 313 3267; x_wconf 82' lang='grc' dir='ltr'><strong><em>παρεστώτων.</em></strong></span> <span class='ocrx_word' id='word_1_216' title='bbox 358 3182 396 3246; x_wconf 93' lang='grc' dir='ltr'><strong><em>τὸ</em></strong></span> <span class='ocrx_word' id='word_1_217' title='bbox 421 3177 451 3245; x_wconf 90' lang='grc' dir='ltr'><strong><em>δ’</em></strong></span> <span class='ocrx_word' id='word_1_218' title='bbox 473 3179 634 3264; x_wconf 79' lang='grc' dir='ltr'><strong><em>ἐνήλατον</em></strong></span> <span class='ocrx_word' id='word_1_219' title='bbox 656 3192 717 3248; x_wconf 88' lang='grc' dir='ltr'><strong><em>τοὺ</em></strong></span> <span class='ocrx_word' id='word_1_220' title='bbox 739 3186 870 3268; x_wconf 90' lang='grc' dir='ltr'><strong><em>θρόνου</em></strong></span> <span class='ocrx_word' id='word_1_221' title='bbox 889 3190 997 3271; x_wconf 74' lang='grc' dir='ltr'><strong><em>χεῖρες</em></strong></span> <span class='ocrx_word' id='word_1_222' title='bbox 1019 3180 1106 3268; x_wconf 78' lang='grc' dir='ltr'><strong><em>ἦσαν</em></strong></span> 
     </span>
     <span class='ocr_line' id='line_1_30' title="bbox 87 3285 1106 3376; baseline 0.008 -28"><span class='ocrx_word' id='word_1_223' title='bbox 87 3286 261 3373; x_wconf 82' lang='grc' dir='ltr'><strong><em>δεχόμεναι</em></strong></span> <span class='ocrx_word' id='word_1_224' title='bbox 284 3291 344 3356; x_wconf 89' lang='grc' dir='ltr'><strong><em>τὸν</em></strong></span> <span class='ocrx_word' id='word_1_225' title='bbox 362 3285 507 3375; x_wconf 89' lang='grc' dir='ltr'><strong><em>βασιλέα.</em></strong></span> <span class='ocrx_word' id='word_1_226' title='bbox 549 3286 737 3354; x_wconf 78' lang='grc' dir='ltr'><strong><em>ἀνεκέκλιτο</em></strong></span> <span class='ocrx_word' id='word_1_227' title='bbox 757 3286 788 3353; x_wconf 86' lang='grc' dir='ltr'><strong><em>δ’</em></strong></span> <span class='ocrx_word' id='word_1_228' title='bbox 810 3291 858 3368; x_wconf 88' lang='grc' dir='ltr'><strong><em>είς</em></strong></span> <span class='ocrx_word' id='word_1_229' title='bbox 880 3292 1006 3376; x_wconf 89' lang='grc' dir='ltr'><strong><em>μόσχου</em></strong></span> <span class='ocrx_word' id='word_1_230' title='bbox 1024 3312 1106 3375; x_wconf 90' lang='grc' dir='ltr'><strong><em>προ-</em></strong></span> 
     </span>
    </p>
   </div>
   <div class='ocr_carea' id='block_1_4' title="bbox 85 3425 1104 3567">
    <p class='ocr_par' dir='ltr' id='par_1_4' title="bbox 85 3425 1104 3567">
     <span class='ocr_line' id='line_1_31' title="bbox 85 3425 1104 3564; baseline 0.01 -88"><span class='ocrx_word' id='word_1_231' title='bbox 85 3507 125 3564; x_wconf 73' lang='lat' dir='ltr'><strong><em>IX</em></strong></span> <span class='ocrx_word' id='word_1_232' title='bbox 158 3429 239 3488; x_wconf 75' lang='lat'><strong>§136</strong></span> <span class='ocrx_word' id='word_1_233' title='bbox 260 3453 296 3473; x_wconf 86' lang='lat'>=</span> <span class='ocrx_word' id='word_1_234' title='bbox 313 3434 329 3483; x_wconf 86' lang='grc'><strong>3</strong></span> <span class='ocrx_word' id='word_1_235' title='bbox 343 3427 412 3497; x_wconf 81' lang='lat' dir='ltr'>Reg.</span> <span class='ocrx_word' id='word_1_236' title='bbox 427 3427 479 3482; x_wconf 90' lang='lat' dir='ltr'><strong><em>VH</em></strong></span> <span class='ocrx_word' id='word_1_237' title='bbox 494 3432 535 3482; x_wconf 76' lang='lat'><strong><em>12.</em></strong></span> <span class='ocrx_word' id='word_1_238' title='bbox 607 3427 622 3490; x_wconf 67' lang='grc' dir='ltr'>ξ</span> <span class='ocrx_word' id='word_1_239' title='bbox 638 3430 690 3481; x_wconf 85' lang='grc'><strong><em>140</em></strong></span> <span class='ocrx_word' id='word_1_240' title='bbox 709 3451 743 3472; x_wconf 92' lang='lat'><strong><em>==</em></strong></span> <span class='ocrx_word' id='word_1_241' title='bbox 762 3431 778 3480; x_wconf 83' lang='grc'><strong>3</strong></span> <span class='ocrx_word' id='word_1_242' title='bbox 793 3425 862 3496; x_wconf 80' lang='lat' dir='ltr'>Reg.</span> <span class='ocrx_word' id='word_1_243' title='bbox 877 3428 960 3496; x_wconf 80' lang='lat' dir='ltr'>x1e;</span> <span class='ocrx_word' id='word_1_244' title='bbox 980 3435 996 3484; x_wconf 82' lang='lat'><strong>2</strong></span> <span class='ocrx_word' id='word_1_245' title='bbox 1011 3429 1104 3486; x_wconf 75' lang='lat' dir='ltr'>Paral.</span> 
     </span>
     <span class='ocr_line' id='line_1_32' title="bbox 140 3515 180 3567; baseline 0.125 -5"><span class='ocrx_word' id='word_1_246' title='bbox 140 3515 180 3567; x_wconf 81' lang='lat'><strong><em>17.</em></strong></span> 
     </span>
    </p>
   </div>
   <div class='ocr_carea' id='block_1_5' title="bbox 0 0 1204 3840">
    <p class='ocr_par' dir='ltr' id='par_1_5' title="bbox 0 0 1204 3840">
     <span class='ocr_line' id='line_1_33' title="bbox 0 0 1204 3840; baseline 0 0"><span class='ocrx_word' id='word_1_247' title='bbox 0 0 1204 3840; x_wconf 95' lang='lat' dir='ltr'><strong><em> </em></strong></span> 
     </span>
    </p>
   </div>
  </div>
 </body>
</html>
