2400 3840
505 137 657 189 EBAOMH
1045 115 1106 203 ρι’

70 298 213 377 γείλατο.
264 296 351 379 <64>
378 296 514 361 πάντων
543 293 580 360 δέ
607 296 896 382 φιλοτιμουμένων
923 298 1087 384 άναβηναι
1163 306 1165 310 ’

69 399 127 465 καὶ
145 399 272 485 μηδένα
290 404 396 466 πόνου
410 401 601 468 ὀκνούντων
615 403 823 487 ὑφίστασθαι
843 401 887 467 δι’
904 403 1088 488 ἐπιθυμίαν

70 516 130 590 τῆς
159 510 372 592 στρατηγίας,
399 507 417 573 δ
442 511 613 593 Σαρουίας
635 519 714 586 παῖς
738 506 870 592 Ἰώαβος
894 512 983 594 έφθη
1010 513 1089 587 τοῦς

70 614 195 689 άλλους
212 610 269 677 καὶ
288 613 415 697 άναβδις
432 612 549 698 ἐβόησε
566 616 650 700 πρὸς
667 617 727 679 τὸν
745 614 893 700 βασιλέα,
911 617 973 699 την
991 633 1088 702 στρα-

43 722 191 802 ιτηγίαν
213 718 371 785 ἀπαιτῶν.

138 824 226 907 <65>
250 823 399 911 ἐκβαλὼν
426 822 464 890 δὲ
490 829 569 904 τοὺς
588 824 810 912 Ἰεβουσαίους
837 826 872 892 έκ
894 837 953 913 της
974 831 1121 915 άκρας,ν
1180 847 1184 851 ’

68 929 126 996 καὶ
149 931 250 1008 αὐτὸς
272 931 536 1018 ἀνοικοδομήσας
557 935 598 998 τά
617 930 838 1019 Ἱεροσόλυμα,
861 937 960 1000 πόλιν
982 936 1087 1018 αὐτὴν

71 1039 227 1104 Δαυίδου
244 1041 504 1126 προσηγόρευσε,
521 1039 651 1106 καὶτὸν
665 1041 793 1106 άπαντα
811 1044 935 1126 χρόνον
953 1041 990 1107 ἐν
1004 1042 1086 1128 αῦτη

70 1142 216 1231 διέτριβε
239 1147 434 1229 βασιλεύων.
471 1146 489 1212 ὁ
513 1142 551 1211 δέ
573 1149 693 1232 χρόνος
711 1147 752 1214 δν
769 1156 828 1231 τῆς
847 1145 955 1214 Ἰούδα
978 1154 1088 1232 φυλῆς

29 1275 56 1314 ιο
69 1245 149 1335 ἦρξε
172 1254 276 1336 μόνης
298 1251 335 1317 ἐν
355 1256 507 1339 Χεβρῶνι
525 1250 655 1336 ἐγένετο
674 1256 729 1337 ἔτη
753 1251 833 1319 έπτδι
850 1253 906 1320 καὶ
924 1264 1025 1339 μῆνες
1043 1254 1086 1334 ἐξ.

70 1354 246 1435 ἀποδείξας
274 1353 312 1424 δὲ
338 1361 510 1443 βασίλειον
535 1360 576 1424 τά
595 1357 822 1446 Ἰεροσόλυμα,
849 1359 1087 1446 λαμπροτέροις

70 1460 121 1527 άεὶ
144 1461 200 1528 καὶ
223 1469 351 1548 μᾶλλον
373 1462 490 1551 ἐχρῆτο
512 1474 584 1543 τοῖς
605 1465 789 1552 πράγμασι,
816 1474 878 1531 τοῦ
900 1473 984 1532 θεοῦ
1006 1488 1087 1554 προ-

69 1568 258 1654 νοουμένου
275 1574 412 1657 κρείττω
430 1582 541 1638 ποιεῖν
556 1571 639 1638 αύτδι
656 1570 712 1637 καὶ
730 1572 913 1658 λαμβάνειν
927 1572 1086 1639 ἐπίδοσιν.

69 1676 158 1759 <66>
182 1675 313 1762 πέμψας
342 1674 380 1743 δδ
406 1680 490 1765 πρὸς
517 1678 620 1744 αὐτὸν
646 1676 701 1743 καί
728 1683 878 1763 Είραμος
904 1679 923 1744 δ
954 1682 1086 1764 Τυρίων

31 1804 56 1845 15
70 1786 228 1869 βασιλεὺς
250 1786 369 1869 φιλίαν
390 1780 447 1849 καί
476 1787 667 1868 συμμαχίαν
689 1782 860 1849 συνέθετο.
906 1786 1030 1868 έπεμψε
1053 1782 1083 1848 δ’

69 1890 159 1978 αὐτῷ
186 1887 242 1954 καὶ
269 1891 396 1977 δωρεὰς
422 1889 504 1969 ξύλα
531 1887 668 1976 κέδρινα
693 1885 750 1954 καί
775 1890 925 1973 τεχνίτας
951 1889 1086 1973 ἄνδρας,

69 1994 225 2073 τέκτονας
246 1996 302 2063 καὶ
325 1999 533 2082 οἰκοδόμους,
561 1999 597 2062 οἳ
615 1995 895 2061 κατασκευάσειαν
917 1998 1087 2078 βασίλειον

70 2102 107 2167 ἐν
126 2100 378 2188 Ἱεροσολύμοις.
422 2104 575 2186 Δαυίδης
593 2099 631 2167 δὲ
648 2103 710 2185 τήν
727 2098 756 2166 τ’
777 2102 847 2166 άνω
865 2103 964 2166 πόλιν
982 2122 1086 2188 παρα-

69 2210 187 2293 λαβὼν
205 2207 261 2274 καὶ
279 2211 340 2293 τὴν
358 2211 465 2296 άκραν
487 2210 639 2288 συνάψας
661 2209 743 2294 αὐτῇ
763 2206 917 2291 ἐποίησεν
930 2208 969 2274 ἓν
982 2219 1085 2294 σῶμα,

30 2313 125 2380 εοκαὶ
157 2319 378 2401 περιτειχίσας
409 2315 607 2401 ἐπιμελητὴν
636 2326 705 2381 τῶν
735 2326 856 2400 τειχῶν
888 2313 1086 2399 κατέστησεν

67 2419 212 2505 Ἰώαβον.
257 2423 344 2506 <67>
364 2425 506 2508 [πρῶτος
524 2417 587 2488 οὖν
602 2423 755 2505 Δαυίδης
772 2425 850 2498 τούς
865 2418 1087 2507 Ἰεβουσαίους

70 2527 104 2605 ἐξ
120 2526 359 2614 Ἱεροσολύμων
377 2526 526 2613 ἐκβαλὼν
544 2525 603 2612 ἀφ’
622 2526 743 2593 ἑαυτοῦ
761 2530 1007 2614 προσηγόρευσε
1023 2529 1087 2611 τὴν

69 2635 183 2698 πόλιν·
207 2631 259 2699 ἐπὶ
282 2635 345 2720 γάρ
366 2632 532 2720 Ἀβράμου
554 2642 615 2698 τοῦ
637 2634 806 2718 προγόνου
828 2631 924 2716 ἡμῶν
946 2633 1086 2715 Σόλυμα

71 2739 226 2806 ἐκαλεῖτο.
280 2741 361 2825 μετὰ
391 2748 495 2805 ταῦτα
527 2736 558 2804 δ’
584 2738 689 2820 αὐτόν
720 2739 806 2821 φασί
834 2759 923 2812 τινες
950 2736 1001 2801 ὅτι
1030 2734 1086 2800 καὶ

31 2843 205 2933 ω”Ομηρος
231 2844 324 2911 ταῦτ’
350 2847 501 2932 ὠνόμασε
527 2847 567 2911 τά
594 2847 747 2929 Σόλυμα·
775 2845 812 2908 τὸ
839 2842 903 2929 γάρ
932 2841 1023 2929 ίερὸν
1045 2843 1086 2908 τά

69 2955 210 3038 Σόλυμα
232 2955 315 3018 κατά
337 2954 399 3037 τὴν
417 2950 579 3040 Ἑβραίων
597 2951 748 3036 ὠνόμασε
769 2956 930 3034 γλῶτταν,
953 2949 971 3015 δ
996 2951 1086 3014 ἐστιν

69 3059 256 3144 ἀσφάλεια]
303 3060 390 3144 <68>
412 3054 456 3142 ἦν
478 3056 515 3125 δὲ
538 3068 602 3136 πάς
624 3059 642 3125 δ
665 3060 785 3145 χρόνος
812 3057 876 3122 άπὸ
899 3064 958 3139 τῆς
977 3053 1085 3137 Ἰησοῦ

69 3175 131 3231 τοῦ
167 3175 353 3252 στρατηγοῦ
390 3164 444 3231 ἐπὶ
481 3168 692 3242 Χαναναίους
728 3166 899 3250 στρατείας
933 3159 990 3227 καὶ
1024 3171 1085 3226 τοῦ

68 3272 218 3357 πολέμου
249 3270 328 3338 καθ’
359 3272 399 3338 δν
425 3272 590 3359 κρατήσας
621 3271 733 3337 αὐτῶν
762 3267 933 3353 κατένειμε
962 3268 1086 3351 ταύτην

27 3397 55 3437 ³0
68 3391 140 3456 τοῖς
163 3378 343 3464 Ἑβραίοις,
370 3377 426 3444 καὶ
453 3377 563 3445 ούκέτι
590 3381 669 3454 τοὺς
696 3377 907 3452 Χαναναίους
935 3373 1086 3462 ἐκβαλεῖν

142 3499 504 3565 §ss4·=1Paral.X16.
577 3495 919 3568 §mmmm

124 3600 247 3640 Ιοειεεινε.
267 3599 298 3638 H.
937 3591 955 3637 ’λ
