2400 3840
127 133 190 197 170
492 135 766 187 ΑΡΧΑΙΟΛΟΓΙΔΣ

123 295 236 360 σιάσαι
258 296 318 361 τὸν
340 288 464 379 πατέρα
492 296 548 359 διά
575 298 613 360 τὸ
641 304 745 379 γήρας
772 293 871 378 αὐτῇ,
897 293 1015 378 μένειν
1040 293 1072 359 δ’
1098 297 1141 359 ἔτι

123 400 304 489 παρθένον.
351 402 415 484 <6>
438 400 458 482 ἡ
483 398 519 466 δέ
539 401 708 486 Βεερσαβή
731 397 786 464 καὶ
805 401 1022 482 διακονήσειν
1044 417 1141 466 σπου-

124 508 225 585 δαίως
247 506 406 593 ὑπέσχετο
434 505 488 572 καὶ
512 506 780 591 καταπράξεσθαι
803 509 863 572 τὸν
886 506 996 590 γάμον
1016 503 1062 570 δι’
1084 506 1140 590 άμ-

123 617 258 700 φότερα,
281 624 340 680 τοῦ
358 638 393 680 τε
411 611 574 699 βασιλέως
591 612 680 701 αὐτῷ
702 615 909 697 χαρίσασθαί
927 636 959 677 τι
978 615 1140 695 βουλησο-

122 719 225 806 μένου
260 719 315 786 καὶ
353 717 554 804 δεησομένης
591 719 693 803 αὐτῆς
729 725 885 806 λιπαρῶς.
929 715 986 783 καὶ
1024 719 1043 784 δ
1081 716 1159 803 μένε

123 828 255 904 εὔελπις
276 826 514 892 ἀπαλλάττεται
537 824 620 912 περὶ·
630 834 691 891 τοῦ
710 825 828 909 γάμου,
851 824 872 908 ή
893 820 930 888 δὲ
952 833 1015 889 τοῦ
1036 830 1139 891 Σολο-

122 945 232 1018 μωνος
258 934 363 1017 μήτηρ
391 930 518 1008 εὐθέως
541 933 693 1018 ὥρμησεν
721 928 774 997 ἐπὶ
800 933 860 997 τὸν
887 931 965 996 υίὸν
993 931 1138 1010 διαλεξο-

121 1039 203 1123 μένη
230 1035 305 1123 περὶ
334 1033 383 1103 ὧν
402 1035 543 1126 Ἀδωνίρι
570 1037 726 1122 δεηθέντι
752 1041 1043 1120 κατεπηγγείλατο.
1086 1035 1136 1102 καί

120 1145 434 1230 προϋπαντήσαντος
457 1145 539 1231 αὐτῇ
562 1154 623 1212 τοῦ
646 1145 766 1222 παιδὸς
792 1143 847 1209 καὶ
869 1143 1136 1229 περιπλακέντος,

120 1252 186 1336 <7>
202 1249 272 1317 ἐπεὶ
290 1253 482 1339 παρήγαγεν
500 1251 605 1336 αὐτήν
623 1254 671 1329 είς
688 1253 748 1317 τὸν
766 1245 861 1316 οἶκον
879 1244 920 1315 οὗ
937 1248 1135 1334 συνέβαινεν
1148 1268 1167 1307 1⁰

120 1358 209 1446 αὐτῷ
227 1365 360 1425 κεῖσθαι
379 1359 439 1424 τὸν
456 1361 630 1443 βασιλικὸν
647 1362 787 1443 θρόνον,
806 1360 949 1433 καθίσας
966 1354 1136 1423 ἐκέλευσεν

120 1463 235 1550 ἕτερον
258 1463 293 1529 ἐκ
315 1463 434 1542 δεξιῶν
456 1469 596 1547 τεθήναι
619 1472 658 1549 τῇ
680 1467 787 1550 μητρί.
832 1468 1041 1527 καθεσθεῖσα
1066 1459 1097 1527 δ’
1117 1461 1135 1545 ή

120 1572 290 1655 Βεερσαβή
314 1568 416 1653 “μίαν’
446 1565 552 1653 εἶπεν,
581 1566 618 1636 ‘0'3
645 1582 720 1653 παῖ,
747 1568 846 1654 χάριν
874 1566 1057 1654 αἰτουμένη
1082 1592 1136 1653 μοι
1170 1658 1172 1661 Ι

117 1677 333 1758 κατάνευσον,
351 1673 405 1739 καὶ
420 1671 525 1759 μηδὲν
543 1674 576 1754 ἐξ
590 1674 759 1762 ἀρνήσεως
777 1675 942 1740 δύσκολον
955 1671 1041 1759 μηδὲ
1061 1691 1136 1741 σκυ-

118 1784 259 1871 θρωπὸν
281 1781 469 1867 άπεργάση.’
516 1783 582 1868 4<8>
606 1791 666 1847 τοῦ
689 1779 727 1847 δὲ
750 1786 951 1865 Σολομῶνος
974 1783 1135 1868 προστάτ-
1147 1797 1166 1839 1⁵

118 1915 189 1957 τειν
214 1891 408 1967 κελεύοντος
434 1886 557 1976 (πάντα
587 1889 651 1973 γάρ
685 1888 779 1954 ὅσιον
811 1882 896 1952 εἶναι
926 1886 1026 1973 μητρὶ
1053 1911 1136 1975 παρ-

119 1997 221 2083 έχειν)
244 2000 303 2062 καί
322 2021 354 2062 τι
377 1993 678 2081 προσμεμψαμένου
705 1994 766 2077 τήν
789 1992 895 2078 ἀρχήν
920 1993 971 2058 ὅτι
994 1994 1040 2078 μὴ
1064 1992 1133 2078 μετ’

118 2104 252 2179 ἐλπίδος
270 2104 335 2185 ήδη
353 2105 489 2186 βεβαίας
506 2111 567 2167 τοῦ
585 2113 699 2185 τυχεῖν
722 2094 769 2166 ὧν
792 2100 880 2178 ἀξιοῖ
895 2111 1039 2165 ποιεῖται
1057 2105 1136 2178 τοὺς

117 2211 248 2290 λόγους,
267 2207 339 2272 ἀλλ’
356 2208 497 2292 άρνησιν
515 2206 726 2291 ὑφορωμένη,
746 2208 864 2272 δοῦναι
883 2206 943 2289 τήν
960 2205 1135 2290 παρθένον

118 2313 220 2377 αὐτὸν
245 2310 420 2395 Ἀβισάκην
442 2309 583 2397 Ἀδωνίᾳ
609 2311 764 2400 τάδελφῷ
789 2315 873 2399 πρὸς
899 2312 1006 2397 γάμον
1035 2336 1134 2398 παρε-
1147 2331 1170 2371 2⁰

82 2439 98 2488 3
117 2416 218 2482 κάλει.
255 2415 320 2500 <9>
335 2417 447 2500 λαβὼν
466 2413 503 2480 δέ
521 2418 604 2501 πρὸς
622 2416 727 2503 ὀργήν
745 2417 763 2484 ὁ
782 2422 937 2503 βασιλεὺς
954 2422 1014 2486 τὸν
1032 2423 1135 2502 λόγον

117 2521 340 2609 ἀποπέμπεται
355 2519 416 2608 μὲν
429 2524 491 2609 τήν
505 2521 638 2610 μητέρα,
657 2527 817 2608 μειζόνων
833 2526 1010 2612 ὀρέγεσθαι
1029 2550 1134 2610 πραγ-

116 2632 229 2718 μάτων
252 2631 354 2696 είπδιν
374 2626 550 2713 Ἀδωνίαν,
576 2627 632 2695 καὶ
655 2627 839 2715 θαυμάζειν
865 2641 935 2706 πῶς
962 2631 1003 2695 οὐ
1027 2654 1134 2715 παρα-

116 2749 263 2825 χωρησαι
285 2736 340 2804 καὶ
362 2747 421 2822 τής
443 2740 612 2822 βασιλείας
635 2737 680 2814 ὡς
702 2735 912 2825 πρεσβυτέρῳ
938 2744 1132 2821 παρακαλεῖ,

116 2849 176 2911 τὸν
190 2847 296 2931 γάμον
310 2846 399 2932 αὐτῷ
417 2845 477 2909 τὸν
488 2842 660 2928 Ἀβισάκης
677 2841 866 2928 αἰτουμένη,
885 2846 1005 2927 φίλους
1021 2846 1131 2928 ε”χοντι
1147 2861 1170 2901 25

115 2953 294 3033 δυνατούς,
319 2949 455 3032 Ἰώαβον
477 2951 537 3013 τὸν
559 2950 744 3033 στρατηγὸν
771 2946 825 3013 καὶ
846 2946 1048 3035 Ἀβιάθαρον
1071 2952 1132 3015 τὸν

116 3056 220 3143 ίερέα,
248 3053 540 3140 μεταπεμψάμενος
567 3049 604 3117 δέ
627 3057 778 3120 Βαναίαν
804 3057 864 3120 τὸν
892 3052 944 3120 ἐπὶ
972 3067 1040 3120 τῶν
1068 3073 1131 3121 σω-

115 3159 373 3246 ματοφυλάκων,
400 3157 591 3223 ἀποκτείναι
618 3157 817 3243 προσέταξεν
841 3161 929 3249 αὐτῷ
952 3164 1012 3227 τὸν
1035 3161 1130 3227 άδελ-

115 3271 183 3350 φὸυ
203 3267 373 3333 Ἀδωνίαν.
419 3262 506 3348 <10>
529 3262 669 3342 καλέσας
696 3261 733 3330 δέ
760 3268 820 3331 τὸν
841 3265 1043 3353 Ἀβιάθαρον
1069 3270 1129 3334 τὸν

115 3372 218 3457 ίερέα,
247 3372 408 3437 θανάτου
436 3367 509 3454 μέν’
533 3364 603 3458 εἷπε
626 3369 755 3456 “βάεταί
779 3389 815 3436 σε
842 3374 882 3438 τά
904 3371 934 3437 τ’
960 3375 1043 3440 ἄλλα
1068 3376 1129 3440 ὅσα
1143 3392 1170 3430 ³⁰

186 3498 290 3557 §6=
310 3491 511 3561 3Reg.1118.

302 3768 414 3792 A*
