2400 3840
118 90 183 214 180
488 149 762 202 Apmvomn

116 314 193 389 λεὺς
215 311 365 397 Εἵραμος
387 314 519 394 βασιλεῖ
535 314 723 393 Σολομῶνι.
768 309 828 374 τὸν
851 305 913 394 μέν
936 310 1024 374 θεὸν
1047 308 1136 375 εύλο-

116 429 189 500 γεϊν
212 415 307 495 άξιον
330 417 382 482 ὅτι
405 431 458 482 σοι
480 417 542 499 τήν
560 413 717 503 πατρῴαν
735 412 928 501 παρέδωκεν
945 413 1136 500 ἡγεμονίαν,

117 521 216 609 ἀνδρὶ
240 533 335 611 σοφῷ
358 519 413 587 καὶ
436 530 547 588 πᾶσαν
569 521 691 608 ἀρετήν
715 523 837 605 ἔχοντι·
861 518 926 603 ἐγὼ
950 517 989 586 δὲ
1010 523 1137 600 τούτοις

115 628 279 713 ήδόμενος
298 625 423 694 ἀπανθ’
437 627 641 713 ὑπουργήσω
659 628 700 693 τὰ
717 624 949 711 ἐπεσταλμένα.
987 626 1077 711 <54>
1091 651 1137 692 τε-

117 736 190 820 μὼν
212 736 275 821 γάρ
300 733 381 813 ξύλα
403 734 510 798 πολλά
532 730 587 798 καὶ
610 732 738 818 μεγάλα
754 729 877 818 κέδρον
899 755 935 797 τε
956 730 1016 797 καὶ
1037 747 1157 799 αντα-5

117 844 231 925 ρίττου
261 840 317 905 διὰ
344 849 412 904 τῶν
439 837 529 922 ἐμῶν
556 836 609 904 έπὶ
636 838 808 904 θάλατταν
834 835 1054 923 καταπέμψω,
1086 838 1137 905 καὶ

116 947 260 1013 κελεύσω
293 946 371 1021 τοὺς
404 942 504 1028 ἐμοὺς
535 945 671 1029 σχεδίαν
702 943 910 1029 πηξαμένους
944 946 993 1022 είς
1027 945 1068 1011 δν
1099 945 1137 1010 διν

118 1054 290 1136 βουληθῇς
317 1053 421 1118 τύπον
447 1059 506 1134 τῆς
538 1059 664 1116 σαυτοῦ
690 1050 799 1136 χώρας
824 1051 1035 1129 πλεύσαντας
1061 1051 1137 1118 ἀπο-

117 1153 256 1221 θέσθαι·
286 1154 394 1222 ἔπειθ’
423 1157 458 1222 οί
483 1154 537 1221 σοὶ
565 1157 819 1240 διακομίσουσιν
847 1158 894 1233 είς
917 1154 1137 1244 Ἱεροσόλυμα.

119 1263 208 1339 ὅπως
231 1259 269 1328 δέ
291 1261 347 1328 καὶ
370 1265 413 1328 σὺ
435 1263 605 1348 παράσχης
626 1261 708 1350 ήμλν
730 1260 805 1328 ἀντὶ
822 1264 952 1328 τούτων
970 1275 1077 1349 σῖτον,
1100 1259 1136 1329 οὗ
1148 1277 1166 1318 ¹⁰

119 1368 235 1434 διὰτὸ
258 1377 364 1453 νῆσον
387 1371 493 1435 οίκείν
517 1370 673 1453 δεύμεθα,
696 1367 900 1455 φρόντισονῖ

83 1493 100 1542 8
185 1475 273 1559 <55>
296 1472 445 1559 διαμένει
470 1472 500 1539 δ’
522 1475 598 1560 άχρι
620 1482 680 1558 τής
702 1476 847 1560 σήμερον
865 1475 905 1539 τά
922 1485 991 1540 τῶν
1011 1474 1137 1542 ἐπιστο-

118 1585 188 1645 λῶν
215 1580 344 1645 τούτων
370 1578 561 1665 ἀντίγραφα
589 1579 650 1647 ούκ
677 1579 715 1645 ἐν
741 1591 812 1658 τοῖς
832 1578 1007 1667 ,ἡμετέροις
1035 1585 1137 1667 μόνον

118 1686 287 1769 σωζόμενα
305 1687 459 1770 βιβλίοις,
482 1684 639 1752 ἀλλὰκαὶ
657 1687 748 1773 παρὰ
770 1688 917 1772 Τυρίοις·
941 1685 1020 1753 ὥστ’
1044 1694 1078 1754 εί
1091 1712 1138 1766 τις

118 1792 272 1875 θελήσειε
290 1787 443 1877 τάκριβὲς
461 1797 596 1876 μαθεῖν,
614 1788 749 1874 δεηθεὶς
766 1800 835 1856 τῶν
853 1789 906 1857 ἐπὶ
924 1800 985 1857 τοῦ
1006 1797 1138 1880 Τυρίων
1150 1805 1168 1848 1⁵

119 1896 475 1985 γραμματοφυλακείου
502 1899 672 1982 δημοσίων
702 1896 794 1983 εύροι
821 1895 864 1962 ἀν
891 1909 1138 1982 συμφωνοῦντα

119 2017 189 2082 τοῖς
204 2002 390 2091 εἰρημένοις
407 2001 468 2088 ὑφ’
484 2002 578 2087 ήμῶν
595 2005 636 2068 τά
654 2000 732 2088 παρ’
750 2001 897 2080 ἐκείνοις.
932 2004 1022 2087 <56>
1037 2016 1139 2072 ταῦτα

119 2107 180 2193 μέν
208 2105 271 2174 οὖν
298 2108 478 2193 διεξῆλθον
505 2112 708 2193 βουλόμενος
733 2119 863 2192 γνῶναι
889 2113 967 2186 τοὺς
990 2109 1139 2191 ἐντευξο-

120 2212 242 2299 μένους
270 2215 320 2279 ύτι
348 2210 453 2298 μηδὲν
480 2219 607 2298 μᾶλλον
635 2213 695 2293 ἐξω
723 2222 783 2300 τῆς
806 2215 966 2299 ἀληθείας
988 2215 1138 2304 λέγομεν,

120 2314 204 2403 μηδὲ
225 2326 385 2395 πιθανοῖς
407 2316 475 2383 τισὶ
497 2316 553 2383 καὶ
575 2320 659 2405 πρὸς
681 2320 810 2406 ἀπάτην
837 2319 893 2387 καὶ
919 2320 1039 2409 τέρψιν
1064 2323 1171 2391 έπα-εο

120 2430 242 2507 γωγοίς
264 2425 326 2507 τήν
349 2425 501 2510 ίστορίαν
523 2424 812 2510 διαλαμβάνοντες
827 2428 889 2511 τήν
911 2425 973 2512 μὲν
992 2427 1139 2508 ἐξέτασιν

120 2532 259 2614 φεύγειν
286 2530 492 2617 πειρώμεθα,
523 2532 740 2598 πιστεύεσθαι
772 2530 805 2597 δ’
835 2533 941 2611 εὐθὺς
972 2533 1139 2621 ἀξιοῦμεν,

121 2638 166 2715 ὡς
193 2635 273 2704 οὐδὲ
300 2636 593 2724 συγκεχωρημένον
619 2638 701 2724 ἡμίν
726 2637 1056 2724 κατεξανισταμένοις
1080 2652 1139 2708 τού

121 2743 304 2831 πρέποντος
327 2755 366 2831 τῇ
389 2749 595 2832 πραγματείᾳ
618 2744 744 2834 ἀθῴοις
768 2744 945 2831 ὑπάρχειν,
972 2746 1058 2812 ἀλλά
1081 2773 1140 2833 μη-

122 2853 236 2935 δεμιᾶς
259 2852 424 2936 ἀποδοχῆς
446 2851 624 2935 τυγχάνειν
642 2857 920 2937 παρακαλοῦντες,
943 2852 986 2918 ἀν
1004 2855 1049 2938 μή
1069 2853 1172 2940 μετέῡ

122 2956 320 3033 ἀποδείξεως
346 2955 401 3022 καὶ
428 2956 613 3040 τεκμηρίων
641 2957 786 3041 ίσχυρῶν
813 2958 1007 3043 ἐμφανίζειν
1033 2962 1140 3050 δυνώ-

122 3068 211 3146 μεθα
233 3062 295 3144 τήν
318 3063 489 3146 ἀλήθειαν.

87 3181 102 3230 9
189 3167 275 3250 <57>
294 3166 312 3231 ὁ
332 3164 369 3232 δὲ
388 3167 544 3251 βασιλεὺς
562 3167 726 3250 Σολομὼν
745 3171 790 3246 ὡς
809 3169 969 3256 ἐκομίσθη
990 3173 1031 3237 τά
1050 3177 1140 3261 παρὰ

122 3281 182 3336 τοῦ
214 3272 347 3356 Τυρίων
377 3268 539 3357 βασιλέως
569 3272 757 3358 γράμματα,
789 3279 851 3358 τήν
880 3301 915 3342 τε
944 3285 1141 3365 προθυμίαν

122 3376 227 3441 αὐτοῦ
249 3374 304 3442 καὶ
322 3377 384 3459 τήν
402 3378 538 3444 εύνοιαν
557 3374 704 3464 έπήνεσε,
726 3380 781 3446 καὶ
803 3374 854 3460 οἷς
872 3382 990 3466 ήξίωσε
1008 3387 1142 3465 τούτοις
1153 3402 1174 3444 ³⁰

194 3497 522 3566 §54=3Reg.V9.

120 3756 236 3786 Α
