2400 3840
538 186 684 237 AEKATH
1056 187 1120 252 341

101 341 214 424 <113>
236 343 403 408 παύσουσι
427 341 458 408 δ’
479 344 563 429 ήμάς
585 349 659 411 τότε
680 353 739 429 τής
758 343 815 411 ὑπ’
837 346 950 424 αὐτοῖς
969 347 1122 426 δουλείας

101 446 234 533 Πέρσαι
252 471 286 514 τε
304 446 360 514 καὶ
378 451 505 534 Μῆδοι,
527 453 769 528 καταλύσαντες
787 455 1035 538 Βαβυλωνίους,
1059 452 1118 538 ἀφ’

102 549 152 635 ὧν
185 557 232 631 είς
263 556 363 637 τήνδε
394 554 620 634 ἀπολυθέντες
652 558 913 642 οἰκοδομήσομεν
946 560 1007 624 τὸν
1037 561 1121 625 ναὸν

101 661 205 727 πάλιν
223 659 278 725 καὶ
297 662 336 725 τά
351 659 562 749 Ἱεροσόλυμα
580 663 847 749 καταστήσομεν.’
893 665 1001 748 <114>
1018 674 1121 730 ταῦτα

74 765 211 849 ελέγων
239 766 433 854 δἹερεμίας
459 769 524 835 ὑπὸ
552 766 614 854 μὲν
640 782 708 836 τῶν
735 774 899 837 πλειόνων
923 770 1121 855 ἐπιστεύετο,

103 874 139 938 οί
159 871 191 937 δ’
213 873 372 959 ἡγεμόνες
393 872 449 940 καὶ
473 876 508 940 οί
528 874 657 961 ἀσεβεῖς
680 878 726 954 ὡς
744 876 935 960 ἐξεστηκότα
956 888 1023 943 τῶν
1041 901 1122 965 φρε-

102 989 174 1045 νῶν
197 981 300 1046 αὐτὸν
323 980 546 1065 ἐξεφαύλιζον.
591 981 694 1060 δόξαν
721 981 752 1048 δ’
779 985 867 1072 αὐτῷ
894 1005 960 1050 που
988 986 1036 1061 είς
1060 985 1122 1067 τήν

101 1087 246 1172 πατρίδα
273 1084 535 1174 παραγενέσθαι,
563 1085 745 1171 λεγομένην
765 1086 937 1174 Ἁναθώθ,
966 1091 1121 1167 σταδίους

102 1190 135 1257 δ’
161 1191 351 1277 ἀπέχουσαν
365 1191 603 1280 Ἱεροσολύμων
622 1200 736 1279 είκοσι,
759 1197 934 1280 συντυχὼν
955 1198 1038 1262 κατὰ
1061 1197 1121 1280 τήν

61 1327 86 1367 10
103 1299 186 1365 ὁδὸν
208 1309 276 1365 τῶν
299 1299 471 1386 ἀρχόντων
497 1325 548 1378 τις
574 1302 751 1386 συλλαβὼν
774 1299 925 1386 κατέσχε,
953 1320 1121 1387 συκοφαν-

101 1416 171 1471 τῶν
185 1406 231 1483 ῶς
243 1407 328 1492 πρὸς
341 1409 420 1483 τοὺς
433 1410 672 1491 Βαβυλωνίους
686 1407 944 1492 αὐτομολοῦντα.
977 1408 1086 1490 <115>
1102 1407 1120 1472 ὃ

103 1509 142 1578 δέ
164 1513 272 1597 φευδή
300 1508 361 1597 μὲν
389 1512 518 1580 ἐκεῖνον
545 1516 657 1596 έλεγεν
684 1516 795 1579 αἰτίαν
823 1511 993 1601 ἐπιφέρειν
1021 1513 1121 1601 αὐτῷ,

102 1620 252 1703 βαδίζειν
275 1616 306 1683 δ’
332 1619 435 1685 αὑτὸν
462 1621 606 1703 ἔφασκεν
629 1622 676 1696 είς
698 1620 761 1703 τήν
782 1620 934 1707 πατρίδα.
981 1619 998 1686 ὃ
1023 1616 1053 1684 δ’
1080 1619 1121 1684 ού

102 1723 255 1802 πεισθεὶς
277 1724 361 1791 ἀλλά
384 1726 560 1811 συλλαβὼν
583 1725 686 1791 αὐτὸν
708 1726 832 1808 ήγαγεν
855 1728 903 1802 είς
924 1727 1020 1810 δίκην
1038 1727 1121 1811 πρὸς

61 1858 88 1899 ιε
101 1835 182 1909 τοὺς
210 1832 385 1918 ἀρχοντας,
417 1827 477 1915 ὑφ’
507 1825 556 1896 ὧν
586 1839 697 1897 πᾶσαν
728 1832 840 1895 αίκίαν
871 1827 927 1895 καὶ
953 1829 1121 1913 βασάνους

101 1940 285 2023 ὑπομείνας
308 1935 507 2022 ἐφυλάττετο
530 1939 613 2023 πρὸς
631 1940 801 2023 τιμωρίαν.
841 1933 897 2001 καὶ
917 1937 1041 2022 χρόνον
1059 1933 1121 2019 μέν

102 2070 179 2112 τινα
207 2046 322 2128 διῆγεν
349 2044 469 2127 οὕτως,
500 2043 623 2120 ἀδίκως
653 2043 790 2127 πάσχων
818 2043 858 2107 τά
889 2039 1121 2128 προειρημένα.

102 2153 215 2237 <116>
239 2153 303 2217 ἔτει
323 2148 353 2216 δ’
375 2150 479 2239 ἐνάτῳ
499 2159 558 2234 τής
575 2151 738 2216 Σεδεκίου
756 2153 926 2235 βασιλείας
942 2146 997 2213 καλ
1016 2145 1121 2235 ήμέρηι
1139 2164 1157 2212 4

103 2260 225 2344 δεκάτη
241 2267 301 2324 τοῦ
316 2257 456 2323 δεκάτου
475 2259 579 2343 μηνὸς
597 2258 766 2344 στρατεύει
785 2258 822 2323 τὸ
842 2257 999 2343 δεύτερον
1017 2254 1035 2321 ὁ
1055 2265 1122 2320 τῶν

60 2390 89 2431 εο
103 2367 334 2451 Βαβυλωνίων
360 2366 516 2448 βασιλεὺς
544 2362 597 2431 ἐπὶ
623 2366 664 2430 τά
682 2361 908 2452 Ἱεροσόλυμα,
939 2361 995 2428 καὶ
1021 2378 1123 2447 προσ-

103 2475 249 2548 καθίσας
271 2469 355 2555 αύτή
378 2478 485 2554 μήνας
507 2470 730 2536 ὀκτωκαίδεκα
750 2472 830 2555 μετά
848 2471 955 2552 πάσης
973 2468 1122 2553 ἐπολιόρ-

102 2603 155 2645 κει
183 2579 383 2662 φιλοτιμίας.
429 2573 631 2642 συνεπέθετο
660 2573 690 2639 δ’
722 2576 770 2650 είς
796 2575 896 2639 ταύτδ
925 2577 1122 2656 πολιορκου-

104 2683 219 2770 μένοις
241 2694 313 2761 τοίς
331 2680 572 2770 Ἱεροσολύμοις
596 2682 656 2746 δύο
679 2681 720 2745 τά
742 2680 880 2763 μέγιστα
901 2688 970 2743 τῶν
991 2683 1123 2759 παθῶν,

104 2792 201 2877 λιμὸς
218 2788 273 2854 καλ
292 2790 408 2876 φθορά
427 2790 568 2875 λοιμική,
587 2787 796 2870 ἐνσκήψαντα
814 2785 978 2870 σφοδρῶς.
1013 2782 1123 2866 <117>

62 2919 90 2959 25
105 2897 143 2962 ἐν
172 2893 209 2962 δὲ
237 2905 276 2982 τῇ
305 2897 414 2982 είρκτή
442 2895 617 2980 τυγχάνων
644 2893 663 2959 ὁ
690 2894 862 2980 προφήτης
880 2889 1037 2976 Ἱερεμίας
1062 2889 1123 2971 οὐχ

103 3003 282 3088 ήσύχαζευ,
313 2998 386 3068 ἀλλ’
417 3000 583 3088 ἐκεκράγει
610 2997 666 3066 καὶ
696 2998 850 3087 ἐκήρυττε
878 3006 1051 3084 παραινῶν
1078 2993 1124 3082 τῷ

104 3111 229 3192 πλήθει
252 3106 413 3186 δέξασθαι
435 3107 495 3172 τὸν
517 3107 738 3190 Βαβυλώνιον
765 3103 960 3184 ἀνοίξαντας
982 3101 1041 3178 τάς
1062 3101 1124 3165 πύ-

105 3222 178 3293 λας·
201 3215 418 3296 σωθήσεσθαι
436 3213 499 3298 γάρ
519 3213 640 3289 αὐτοὺς
658 3210 792 3277 πανοικὶ
811 3220 908 3276 τοῦτο
927 3206 1124 3295 πράξαντας,

105 3323 137 3385 εί
160 3317 197 3385 δὲ
220 3321 277 3406 μή,
299 3318 605 3402 διαφθαρήσεσθαι.
651 3319 760 3400 (118)
783 3317 946 3403 προύλεγε
969 3312 998 3379 δ’
1027 3313 1072 3389 ὡς
1095 3314 1126 3377 εί

178 3465 192 3524 ἕ
209 3464 260 3512 114
275 3483 309 3502 =
322 3456 419 3510 Ierem.
434 3455 522 3508 XLIV
537 3462 578 3510 11.
666 3461 681 3522 ξ
698 3461 748 3509 116
764 3481 797 3502 ==
811 3460 827 3507 4
841 3456 910 3525 Reg.
925 3453 1000 3507 XXV
1017 3458 1041 3508 1.

107 3553 189 3614 §11⁷
206 3546 351 3600 =1erem.
368 3543 439 3599 XLV
459 3551 481 3600 1.
