2400 3840
102 121 167 184 132
217 110 223 119 '
471 125 746 176 κεωοκοειεε

99 281 291 368 θεασαμένη
315 283 346 349 δ’
372 285 494 361 αὐτοὺς
511 276 751 364 ἀναζεύξαντας
775 286 793 368 ἡ
816 286 900 368 γυνή
919 283 975 349 καὶ
994 282 1121 369 μηδένα

100 393 210 474 φόβον
232 402 304 468 τοῖς
326 394 513 467 νεανίσκοις
531 389 588 456 ἀπ’
609 393 720 456 αὐτῶν
743 395 790 456 ε’τι
809 392 1005 474 συλλήψεως
1023 388 1121 476 εἶναι,

100 496 289 582 ἀνιμήσασα
320 499 381 580 τήν
413 496 633 582 προκειμένην
664 499 745 565 ὁδὸν
777 498 894 563 ἀνύειν
923 500 1121 583 παρεκελεύ-

100 621 189 670 σατο.
235 602 291 670 καὶ
318 609 423 688 πολλῇ
451 606 580 688 σπουδῇ
612 603 668 669 καὶ
695 605 785 689 τάχει
812 606 1014 690 χρησάμενοι
1044 604 1121 691 περὶ

99 713 161 794 τήν
180 713 378 795 ὁδοιπορίαν
395 704 478 792 ήκον
496 713 580 796 πρὸς
597 713 762 795 Δαυίδην,
782 711 838 777 καί
856 710 953 777 πάντ’
974 712 1143 797 ἀκριβῶςι
1190 739 1192 803 g

100 816 272 900 ἐδήλωσαν
305 817 393 904 αὐτῷ
424 818 465 880 τά
496 814 574 902 παρ’
601 815 831 903 Ἀβεσαλώμου
863 817 1120 905 βεβουλευμένα.
1190 841 1192 867 ss

55 923 59 928 ’
100 921 180 988 ὃδὲ
204 925 361 1007 διαβῆναι
384 924 444 988 τὸν
463 919 637 1009 Ἰορδάνην
663 927 741 1001 τοὺς
767 921 845 1010 μεθ’
872 923 993 991 ἑαυτοῦ
1018 942 1120 1012 προσ·
1190 914 1192 975 Ῐ

100 1029 213 1106 ἔταξεν
235 1031 299 1112 ήδη
322 1031 443 1107 νυκτὸς
466 1031 578 1113 οὔσης,
600 1029 656 1095 καὶ
677 1028 780 1116 μηδὲν
802 1032 915 1098 ὀκνεῖν
938 1030 982 1096 δι’
1005 1033 1119 1115 αὐτήν.

64 1145 108 1202 8³
166 1135 284 1220 <228>
309 1133 520 1221 Ἀχιτόφελος
543 1135 595 1220 δέ,
622 1147 681 1221 τής
707 1139 840 1223 γνώμης
867 1138 969 1204 αὐτοῦ
997 1126 1143 1224 παρευ(

100 1228 347 1328 δοκιμηδείσης,
373 1242 489 1329 ἐπιβὰς
510 1253 571 1309 τοῦ
594 1246 735 1327 κτήνους
757 1243 943 1330 ἐξώρμησεν
967 1246 1016 1321 εἰς
1040 1247 1119 1310 Γελ-
1132 1265 1153 1305 ιι

99 1361 194 1433 μῶνα
211 1351 274 1434 τήν
286 1352 440 1435 πατρίδα,
458 1348 514 1416 καί
532 1349 738 1433 συγκαλέσας
755 1355 833 1428 τοὺς
852 1354 996 1428 οἰκείους
1014 1352 1119 1416 ἀπαυ-

99 1479 167 1539 τας,
181 1457 202 1521 ἀ
216 1459 480 1542 συνεβούλευσεν
486 1455 712 1545 Ἀβεσαλώμφ,
725 1455 816 1522 ταῦτ’
829 1458 942 1534 αὐτοῖς
952 1457 1118 1542 διεξῆλθε,

98 1557 154 1625 καὶ
187 1562 232 1638 ὡς
264 1564 305 1628 οὐ
336 1549 488 1642 πεισθεὶς
519 1567 664 1650 φανερός
696 1562 786 1629 ἐστιν
818 1564 879 1629 οὐκ
910 1566 958 1640 εἰς
987 1567 1118 1651 μακράν

99 1667 335 1754 ἀπολούμενος.
381 1672 537 1753 Δαυίδην
560 1667 598 1736 δέ
619 1672 797 1757 κρατήσειν
824 1673 914 1753 ἐλεγε
938 1667 994 1734 καί
1019 1669 1117 1736 ἐπαν-

98 1774 189 1857 ήξειν
213 1773 265 1841 ἐπὶ
289 1777 351 1860 τήν
373 1780 555 1861 βασιλείαν.
601 1777 711 1861 <229>
739 1778 877 1861 ἀμεινον
903 1771 966 1841 οὖν
994 1779 1118 1861 ἔφησεν
1132 1796 1153 1836 15

99 1876 185 1950 εἶναι
208 1892 268 1949 τοῦ
292 1887 351 1967 ζῆν
373 1885 476 1949 αὑτὸν
500 1882 672 1966 ἐξαγαγεῖν
695 1880 882 1969 ἐλευθέρως
902 1881 958 1948 καὶ
978 1890 1118 1967 μεγαλο-

58 2039 61 2045 ·
99 1992 234 2075 φρόνως
256 1989 277 2073 ή
300 2001 483 2076 παρασχεῖν
506 1991 609 2056 αὑτὸν
632 1992 680 2067 εἰς
701 1993 839 2056 κόλασιν
861 1991 1010 2074 Δαυίδῃ,
1035 1988 1115 2055 καθ’

99 2089 139 2158 οὗ
162 2097 270 2160 πάντα
293 2096 516 2182 συνέπραττεν
534 2094 759 2185 Ἀβεσαλάμφ.
802 2105 904 2162 ταῦτα
928 2094 1118 2181 διαλεχθεὶς

98 2195 153 2263 καὶ
176 2203 355 2286 παρελθὼν
379 2204 426 2277 εἰς
449 2203 486 2266 τὸ
505 2205 708 2284 μυχαίτατον
730 2210 789 2284 τῆς
807 2205 913 2279 οἰκίας
932 2201 1117 2288 ἀνήρτησεν

99 2305 210 2370 αὑτόν.
296 2348 297 2352 =
662 2356 664 2360 Α
1130 2329 1153 2369 ιο

164 2408 219 2475 καί
233 2413 293 2476 τὸν
307 2408 369 2494 μὲν
380 2409 603 2496 Ἀχιτόφελον,
621 2412 776 2480 τοιούτου
791 2415 943 2479 θανάτου
958 2415 1118 2501 δικαστήν

97 2518 185 2605 αὑτῷ
209 2520 401 2604 γενόμενον,
423 2521 623 2599 καθελόντες
642 2518 677 2585 ἐκ
695 2528 754 2605 τής
772 2519 915 2606 ἀγχόνης
934 2519 1117 2603 ἐκήδευσαν

97 2625 133 2689 οί
152 2627 387 2711 προσήκοντες·
410 2627 519 2712 <230>
543 2627 561 2693 ὁ
586 2623 623 2693 δέ
641 2628 793 2711 Δαυίδης
816 2628 934 2710 διαβάς
956 2630 1016 2693 τὸν
1037 2627 1117 2715 Ἰορ-

98 2730 204 2816 δάνην
222 2735 336 2811 καθὼς
353 2736 606 2822 προειρήκαμεν,
625 2737 673 2812 εἰς
689 2733 918 2821 Παρεμβολάς,
936 2738 1117 2820 καλλίστην

97 2835 151 2902 καί
171 2839 384 2923 ὀχυρωτάτην
402 2844 512 2924 πόλιν,
529 2844 756 2927 παραγίνεται.
792 2837 944 2923 δέχονται
964 2838 995 2905 δ’
1012 2843 1117 2908 αὐτὸν
1131 2860 1155 2902 τι

97 2943 319 3028 ἀσμενέστατα
338 2947 459 3023 πάντες
477 2948 513 3011 οί
528 2957 653 3031 πρῶτοι
671 2954 729 3029 τής
742 2946 861 3031 χώρας,
879 2947 961 3010 κατά
980 2945 1008 3010 τ’
1030 2951 1117 3015 αἰδῶ

96 3058 154 3132 τῆς
182 3051 254 3115 τότε
278 3060 387 3134 φυγής
414 3049 574 3116 καὶκατὰ
601 3050 700 3134 τιμήν
723 3059 781 3134 τῆς
806 3050 969 3137 προτέρας
994 3055 1116 3143 εὐπρα·

96 3158 180 3237 γίας.
216 3151 302 3241 ήσαν
321 3155 351 3221 δ’
369 3151 461 3222 οὗτοι
476 3160 671 3240 Βερζελαῖος
689 3157 707 3223 ὁ
726 3159 910 3240 Γαλαδίτης
928 3157 984 3223 καὶ
998 3164 1114 3247 Σιφάρ

97 3261 114 3325 ὁ
134 3271 192 3344 τῆς
203 3260 434 3349 Ἀμμανίτιδος
452 3263 617 3346 δυνάστης
634 3261 689 3329 καὶ
709 3265 879 3352 Μάχειρος
898 3266 916 3332 ὁ
934 3276 993 3350 της
1008 3270 1115 3333 Γαλα-

97 3368 222 3444 δίτιδος
245 3370 354 3456 χώρας
376 3381 514 3456 πρῶτος.
560 3370 670 3454 <231>
693 3364 785 3435 οὗτοι
813 3381 923 3438 πᾶσαν
945 3373 1034 3459 αὐτῷ
1057 3372 1155 3438 καίεο

169 3491 255 3551 §227
277 3492 587 3561 =2Reg=.xv1121.
