2400 3840
506 159 629 209 ENATH
853 186 862 228 ,
1007 157 1072 221 285

55 314 99 401 ήν
122 320 184 402 γάρ
209 316 244 382 ἐκ
267 316 439 400 βασιλέων.
484 319 594 399 <124>
617 311 723 402 ηὗρον
746 315 777 381 δ’
803 314 987 382 οὐδὲντοῦ
1011 320 1073 383 σώ-

56 447 157 509 ματος
181 423 282 506 αὐτῆς
305 425 340 488 ολ
361 422 626 508 προσταχθέντες
647 423 709 506 τήν
731 425 868 507 κηδείαν
891 422 910 506 ή
929 427 1015 508 μόνα
1033 427 1073 488 τά

56 530 259 616 ἀκρωτήρια,
288 531 325 594 τὸ
350 528 381 594 δ’
407 532 488 595 ἀλλο
510 539 578 595 πᾶν
601 531 665 595 ὑπὸ
688 542 802 595 κυνῶν
823 525 866 613 ἧν
890 531 1074 612 δεδαπανη-

54 635 167 720 μένον.
212 633 304 701 ταῦτ’
335 635 479 715 ἀκούσας
507 637 524 702 δ
549 634 655 720 Ἰηοῦς
682 636 846 721 ἐθαύμαζε
872 637 934 719 τήν
958 634 1074 702 Ἠλίου

24 745 274 828 επροφητείαν·
308 737 405 821 οὗτος
432 745 495 829 γάρ
524 744 629 826 αὐτήν
656 746 703 820 εἰς
727 741 912 829 Ἰεσράελαν
938 754 1074 828 προεῖπε

55 858 177 913 τοῦτον
201 848 400 914 ἀπολεῖσθαι
424 840 484 914 τὸν
505 853 640 934 τρόπον.

123 955 233 1036 <12ἶ>>
258 957 366 1020 ὄντων
393 951 424 1019 δ’
443 953 568 1044 Ἀχάβςο
592 957 722 1020 παίδων
744 953 979 1039 ἑβδομήκοντα,
1002 977 1108 1040 τρε-5

56 1059 215 1144 φομένων
237 1057 267 1124 δ’
290 1059 326 1126 έν
345 1065 527 1148 Σαμαρείᾳ,
550 1060 670 1146 πέμπει
690 1063 751 1126 δύο
770 1061 943 1139 ἐπιστολάς
959 1059 1073 1144 Ἰηοῦς,

56 1168 118 1249 τήν
141 1164 202 1250 μὲν
224 1178 294 1243 τοῖς
317 1168 543 1251 παιδαγωγοῖς
564 1168 626 1250 τήν
649 1165 680 1231 δ’
704 1165 820 1252 ἑτέραν
842 1179 913 1244 τοῖς
935 1169 1074 1253 ἀρχουσι

12 1296 40 1334 ιο
57 1286 125 1338 τῶν
149 1272 350 1358 Σαμαρέων,
377 1271 485 1356 λέγων
506 1276 566 1339 τὸν
590 1274 824 1361 ἀνδρειότατον
847 1285 914 1338 τῶν
934 1271 1073 1358 Ἀχάβου

57 1381 188 1444 παίδων
216 1380 386 1459 ἀποδεῖξαι
414 1379 551 1465 βασιλέα
578 1379 648 1468 (καὶ
680 1383 742 1467 γὰρ
776 1380 932 1466 ἁρμάτων
961 1379 1075 1455 αὐτοῖς

59 1481 146 1549 εἶναι
168 1492 298 1570 πλήθος
320 1485 375 1552 καὶ
399 1489 510 1563 ἳππων
532 1487 587 1553 καὶ
611 1489 724 1554 ὅπλων
745 1485 801 1553 καὶ
824 1495 992 1572 στρατιᾶς,
1019 1482 1074 1550 καὶ

57 1593 170 1668 πόλεις
193 1593 316 1679 ὀχυρὰς
339 1594 450 1679 ἔχειν),
473 1592 528 1659 καὶ
551 1603 649 1659 τοῦτο
667 1595 869 1677 ποιήσαντας
887 1591 1074 1674 εἰσπράττε-

58 1704 141 1761 σθαι
165 1699 262 1781 δίκην
284 1695 367 1784 ὑπὲρ
390 1709 450 1765 τοῦ
474 1701 645 1765 δεσπότου.
686 1700 796 1782 <126>
815 1708 917 1764 ταῦτα
941 1695 978 1763 δὲ
997 1699 1075 1783 γρά-

13 1824 41 1864 15
58 1826 115 1886 (ρει
144 1803 318 1890 διάπειραν
345 1808 548 1890 βουλόμενος
575 1809 690 1890 λαβεῖν
716 1814 775 1888 τῆς
799 1816 866 1870 τῶν
890 1803 1075 1888 Σαμαρέων

58 1911 219 1987 διανοίας.
265 1910 466 1995 ἀναγνόντες
489 1908 526 1976 δὲ
549 1912 589 1976 τά
611 1911 784 1997 γράμματα
807 1912 843 1976 οἵ
863 1908 892 1974 τ’
918 1912 1075 1995 ἀρχοντες

57 2013 114 2079 καὶ
137 2017 172 2081 οί
192 2015 399 2101 παιδαγωγοὶ
422 2016 630 2101 κατέδεισαν,
657 2015 712 2082 καὶ
736 2017 948 2101 λογισάμενοι
971 2012 1075 2100 μηδὲν

59 2122 228 2188 δύνασθαι
255 2136 365 2190 ποιεῖν
392 2126 475 2212 πρὸς
502 2133 622 2189 τοῦτον
650 2123 687 2201 ὃς
710 2125 771 2190 δύο
794 2125 959 2209 μεγίστων
982 2120 1075 2209 ἐκρά-

57 2245 136 2310 τησε
159 2227 338 2313 βασιλέων,
364 2228 575 2316 ἀντέγραψαν
598 2231 838 2315 ὁμολογοῦντες
861 2230 964 2296 αὐτὸν
988 2232 1076 2314 ἔχειν

14 2354 42 2392 20
59 2336 223 2418 δεσπότην
245 2333 300 2400 καὶ
323 2338 475 2419 ποιήσειν
498 2337 516 2402 δ
540 2336 582 2402 ἀν
600 2338 725 2422 κελεύη.
766 2337 875 2420 (127)
899 2337 917 2403 ὃ
937 2334 974 2403 δὲ
992 2340 1075 2423 πρὸς

57 2438 151 2505 ταῦτ’
173 2440 389 2527 ἀντέγραψεν,
408 2443 496 2530 αὑτῷ
514 2440 551 2506 θ’
572 2443 754 2509 ὑπακούειν
772 2445 917 2509 κελεύων
934 2442 990 2508 καὶ
1008 2455 1075 2508 τῶν

55 2543 196 2630 Ἀχάβου
219 2549 349 2613 παίδων
367 2549 425 2624 τὰς
443 2550 589 2631 κεφαλάς
607 2549 830 2632 ἀποτεμόντας
848 2547 973 2632 πέμψαι
992 2551 1075 2633 πρὸς

58 2653 171 2717 αὐτόν.
218 2654 253 2718 οί
278 2651 309 2718 δ’
337 2655 494 2739 ἀρχοντες
521 2649 808 2738 μεταπεμψάμενοι
835 2656 913 2729 τοὺς
940 2665 1075 2738 τροφεῖς

58 2769 126 2822 τῶν
153 2760 283 2823 παίδων
306 2757 505 2845 προσέταξεν
532 2758 765 2824 ἀποκτείνασιν
792 2759 913 2836 αὐτοὺς
940 2761 998 2836 τάς
1024 2782 1076 2824 κε-

15 2882 43 2922 25
59 2865 169 2949 φαλάς
192 2864 368 2949 ἀποτεμεῖν
390 2862 444 2930 καὶ
463 2864 589 2950 πέμψαι
607 2867 691 2950 πρὸς
705 2863 822 2948 Ἰηοῦν.
864 2868 899 2930 οἳ
920 2862 950 2929 δ’
975 2860 1076 2929 οὐδὲν

59 2972 145 3047 ὅλως
164 2971 358 3055 φεισάμενοι
376 2969 465 3036 τοῦτ’
487 2970 641 3058 ἔπραξαν,
662 2968 716 3035 καὶ
736 2969 918 3048 συνθέντες
936 2977 983 3047 είς
1001 2994 1076 3035 τινα

58 3077 181 3142 πλεκτὰ
205 3077 320 3159 ἀγγεῖα
342 3078 400 3154 τάς
422 3079 568 3161 κεφαλάς
592 3075 788 3163 ἀπέπεμψαν
815 3079 863 3156 είς
883 3075 1075 3162 Ἰεσράελαν.

59 3185 170 3266 <128>
194 3190 419 3268 κομισθεισῶν
443 3179 480 3248 δὲ
502 3184 645 3267 τούτων,
668 3182 860 3267 ἀγγέλλεται
884 3185 1076 3249 δειπνοῦντι

59 3291 141 3374 μετὰ
164 3301 232 3355 τῶν
255 3293 364 3373 φίλων
386 3299 432 3376 τῷ
453 3286 539 3373 Ἰηοῦ
563 3290 613 3355 ότι
636 3296 829 3374 κομισθεῖεν
850 3291 887 3354 αί
902 3301 970 3355 τῶν
985 3288 1087 3374 Ἀγά

19 3413 45 3452 30
60 3400 124 3479 βου
142 3397 274 3460 παίδων
296 3399 446 3479 κεφαλαί.
487 3392 562 3461 ὃδὲ
581 3398 644 3481 πρὸ
668 3405 726 3479 τής
744 3397 849 3480 πύλης
868 3395 901 3476 ἐξ
920 3394 1076 3483 ἑκατέρου

134 3517 496 3586 μαιωραω
