2400 3840
115 130 160 194 γη
483 128 759 181 ΑΡΧΑΙοΛοΓΙεΣ

113 292 227 376 ψυχὴν
242 290 391 375 ἀνέπεσε,
409 294 446 357 τὸ
464 294 578 374 κακόν,
596 282 670 356 οἷον
685 293 782 373 εἰκός,
801 290 842 356 ού
863 294 1026 375 παρόντος
1045 291 1133 378 αὐτῷ
1176 266 1182 276 ⁶

114 401 197 465 κατὰ
229 411 323 483 χεῖρα
359 407 419 463 τοῦ
453 401 552 463 θείου
590 397 831 483 προορώμενος.
888 400 1068 481 ζητηθῆναι
1102 394 1132 461 δ’

115 507 205 594 αύτῷ
228 508 355 571 κελεύει
378 506 519 587 γύναιόν
545 527 578 569 τι
605 514 672 568 τῶν
696 502 972 587 ἐγγαστριμύθων
994 501 1049 567 καὶ
1076 505 1135 579 τὰς

115 624 184 678 τῶν
206 614 419 694 τεθνηκότων
441 612 551 694 ψυχάς
574 608 840 693 ἐκκαλουμένων,
869 611 913 686 ὡς
941 610 1027 674 οὕτω
1050 633 1135 691 γνω-

116 721 257 801 σόμενος
279 729 339 782 πολ
354 729 476 803 χωρεῖν
495 715 584 803 αὐτῷ
603 715 714 801 μέλλει
737 718 777 781 τά
796 717 978 801 πράγματα.
1025 717 1134 799 <330>
1151 739 1164 778 5

114 826 153 889 τὸ
187 825 249 908 γάρ
282 834 350 888 τῶν
383 821 660 908 ἐγγαστριμύθων
691 820 788 905 γένος
822 822 948 904 ἀνάγον
979 824 1037 898 τάς
1068 833 1136 887 τῶν

115 940 245 1015 νεκρῶν
271 931 380 1014 ψυχάς
408 927 452 994 δι’
478 928 589 994 αὐτῶν
618 927 774 1013 προλέγει
800 940 871 1004 τοῖς
899 929 1069 1011 δεομένοις
1096 929 1136 991 τά

116 1036 360 1120 ἀποβησόμενα
410 1035 620 1121 μηνυθέντος
652 1033 683 1099 δ’
715 1034 803 1122 αὐτῷ
830 1036 918 1119 παρά
947 1059 1039 1110 τινος
1068 1046 1136 1099 τῶν

116 1144 256 1208 οἰκετῶν
279 1139 369 1208 εἶναι’
392 1166 425 1208 τι
448 1143 589 1225 γύναιον
611 1151 766 1207 τοιοῦτον
794 1140 831 1205 έν
857 1144 951 1207 πόλει
973 1139 1136 1227 Ἐνδώρφ,

116 1249 236 1316 λαθὼν
263 1248 389 1325 πάντας
415 1251 494 1325 τοὺς
522 1247 559 1312 έν
585 1257 631 1335 τῷ
660 1245 869 1335 στρατοπέδω
897 1245 952 1310 καὶ
980 1247 1137 1330 μετεκδὺς
1153 1270 1179 1308 ω

116 1355 179 1438 την
198 1355 373 1440 βασιλικὴν
393 1353 528 1437 ἐσθῆτα,
547 1354 609 1419 δύο
622 1354 825 1437 παραλαβὼν
844 1351 972 1428 οἰκέτας
991 1352 1049 1428 οὓς
1064 1351 1137 1437 ᾔδει

116 1461 335 1538 πιστοτάτους
363 1463 476 1543 ὄντας,
503 1454 583 1542 ἧκεν
611 1460 658 1536 εἰς
685 1459 746 1542 τὴν
765 1457 937 1543 ’Έυδωρον
965 1460 1048 1542 πρὸς
1076 1460 1138 1540 τὴν

116 1578 270 1649 γυναῖκα,
293 1564 349 1630 καὶ
365 1566 544 1653 παρεκάλει
568 1565 791 1649 μαντεύεσθαι
812 1562 867 1628 καὶ
886 1563 1023 1645 ἀνάγειν
1047 1565 1137 1652 αύτῷ

115 1671 228 1754 ψυχὴν
251 1666 354 1755 οὗπερ
378 1671 421 1737 ἀν
447 1671 547 1747 αύτὸς
570 1676 654 1757 ελπη.
701 1671 811 1753 <331>
834 1680 892 1754 τῆς
917 1667 955 1734 δέ
977 1673 1138 1752 γυναικὸς

117 1776 385 1861 ἀπομαχομένης,
424 1776 480 1842 καὶ
512 1779 673 1860 λεγούσης
705 1777 746 1842 οὐ
778 1778 1045 1861 καταφρονήσειν
1077 1787 1137 1842 τοῦ
1153 1798 1179 1838 15

117 1881 279 1966 βασιλέως
306 1883 343 1960 ὃς
369 1893 468 1949 τοῦτο
496 1885 534 1949 τὸ
562 1883 660 1965 γένος
686 1893 754 1948 τῶν
786 1884 937 1967 μάντεων
970 1881 1138 1966 ἐξήλασεν,

117 1985 191 2053 οὐδ’
222 1987 325 2052 αὐτὸν
354 1985 392 2053 δὲ
421 2001 531 2054 ποιεῖν
563 1995 672 2065 καλῶς
704 1988 908 2072 ἀδικηθέντα
939 1986 1044 2073 μηδὲν
1076 1991 1135 2054 ὑπ’

117 2092 230 2174 αὐτῆς,
252 2090 470 2177 ἐνεδρεύοντα
489 2092 521 2159 δ’
543 2097 591 2172 εἰς
608 2097 648 2159 τά
666 2094 879 2179 κεκωλυμένα
897 2100 1013 2180 λαβεῖν
1032 2096 1138 2178 αὐτὴν

116 2197 173 2262 ἵνα
201 2198 248 2284 διβ
277 2198 388 2281 δίκην,
422 2201 529 2283 ὤμοσε
557 2199 684 2283 μηδένα
711 2203 917 2283 γνώσεσθαι,
946 2200 1029 2286 μηδέ
1057 2200 1135 2287 παρ’

116 2304 221 2368 ἀλλον
239 2303 334 2384 ἀγειν
352 2303 454 2386 αὐτῆς
472 2303 534 2386 την
552 2309 721 2389 μαντείαν,
741 2309 876 2371 ἐσεσθαι
896 2305 927 2370 δ’
945 2307 1137 2372 ἀκίνδυνον.
1153 2330 1179 2367 εο

116 2409 225 2491 <332>
254 2409 299 2484 ὡς
327 2405 364 2473 δὲ
391 2421 462 2487 τοῖς
495 2410 606 2494 ὅρκοις
633 2410 738 2494 αὐτὴν
766 2413 874 2476 ἔπεισε
906 2413 950 2496 μη
980 2413 1137 2497 δεδιέναι,

115 2515 244 2608 κελεύει
266 2515 329 2597 την
351 2518 556 2600 Σαμουήλου
578 2518 691 2602 ψυχὴν
714 2517 895 2600 ἀναγαγεῖν
918 2520 1016 2607 αὐτῷ.
1058 2520 1078 2604 ἣ
1103 2520 1134 2584 δ’

117 2619 285 2702 ἀγνοοῦσα
314 2625 373 2688 τὸν
401 2624 604 2707 Σαμούηλον
631 2625 721 2702 ὅστις
748 2619 806 2708 ἦν,
833 2631 928 2690 καλεῖ
954 2636 1075 2691 τοῦτον
1104 2627 1138 2704 ἐξ

108 2725 236 2795 ’Ἅιδου
282 2729 446 2812 φανέντος
474 2729 504 2796 δ’
534 2731 653 2815 αὐτοῦ,
684 2731 894 2816 θεασάμενον
926 2734 963 2797 τὸ
995 2733 1138 2814 γύναιον

117 2837 225 2923 ἀνδρα
249 2838 371 2919 σεμνὸν
393 2836 448 2902 καὶ
472 2845 641 2923 θεοπρεπῆ
665 2836 868 2921 ταράττεται,
890 2836 945 2902 καὶ
969 2841 1052 2923 πρὸς
1075 2841 1138 2923 τὴν
1153 2858 1180 2898 τε

119 2943 199 3019 όψιν
223 2939 384 3024 ἐκπλαγέν
402 2943 459 3007 ὀὐ
479 2942 536 3007 σύ’
556 2947 660 3027 φησίν
679 2942 713 3007 <ὁ
732 2946 888 3027 βασιλεὺς
907 2939 939 3008 εἷ
956 2945 1137 3023 Σάουλος;’

118 3047 264 3131 ἐδήλωσε
286 3049 349 3134 γάρ
373 3049 475 3113 αὐτὸν
494 3049 512 3114 ό
531 3050 738 3133 Σαμούηλος.
777 3049 886 3132 <333>
902 3049 1138 3129 ἐπινεύσαντος

119 3151 150 3218 δ’
177 3153 307 3220 ἐκείνου
324 3152 379 3219 καὶ
402 3154 464 3237 την
481 3154 629 3239 ταραχὴν
648 3156 750 3238 αὐτῆς
774 3154 934 3243 ἐρομένου
957 3161 1065 3223 πόθεν
1084 3159 1137 3241 γέ-

118 3283 223 3344 νοιτο,
247 3260 381 3346 βλέπειν
405 3256 496 3326 εἶπεν
519 3260 707 3326 ἀνελθόντα
730 3268 799 3349 θεῷ
823 3264 897 3326 τινά
919 3263 981 3346 την
1001 3265 1137 3350 μορφὴν

117 3366 245 3449 ὅμοιον.
287 3378 347 3433 τοῦ
376 3365 413 3433 δὲ
441 3368 503 3451 τὴν
531 3369 643 3432 εἰκόνα
671 3367 809 3454 φράζειν
838 3371 988 3446 εἰπόντος
1015 3369 1070 3435 καὶ
1098 3373 1136 3436 τὸ
1152 3389 1180 3428 ³0

188 3488 620 3558 §330=1Reg.XXVlll7.
