2400 3840
379 124 400 197 ⁴.
489 123 642 174 ΕΒΔοΜΗ
944 195 949 203 ,
1010 125 1096 212 141,

55 283 165 359 νωνὸς
187 277 229 365 ἦν
252 291 311 366 τῆς
334 291 452 367 φυλῆς.
490 282 507 347 ὃ
532 281 562 347 δ’
584 282 727 367 άδίκημα
744 282 834 349 τοῦτ’
857 287 969 366 ἔλεγεν
989 279 1075 350 εἶναι

56 394 159 474 Σιβᾶ·
183 388 375 466 κελευσθεὶς
394 390 456 473 γάρ
471 390 718 476 παρασκευάσαι
732 391 772 454 τδι
786 391 869 476 πρὸς
883 390 944 472 τὴν
959 389 1075 467 ἔξοδον

57 497 118 562 οὐκ
147 496 359 582 ἐφρόντισεν,
392 493 463 561 ἀλλ’
490 496 599 580 ὥσπερ
627 495 842 582 ἀνδραπόδου
870 497 961 573 τινὸς
989 496 1075 561 ούτω

56 605 276 688 παρήκουσεν.
326 602 435 685 <269>
464 602 495 666 ‘s
538 600 652 686 μέντοι
684 626 722 685 γε
749 603 820 679 τὰς»
840 602 953 685 βάσεις
986 597 1076 686 εἶχον

28 728 41 769 5
57 706 256 795 ἐρρωμένας,
280 708 341 773 οὐκ
364 707 406 773 άν
425 707 634 793 ἀπελείφθην
653 725 725 792 σου,
748 714 894 792 χρῆσθαι
914 709 1077 792 πρὸςτὴν

56 816 171 900 φυγὴν
189 817 323 891 ταύταις
347 815 539 899 δυνάμενος.
577 814 618 878 οὐ
636 824 734 880 τοῦτο
757 812 794 880 δὲ
812 818 918 899 μόνον
941 812 1079 897 ἠδίκησέ

56 947 122 1007 μου
146 924 207 1005 την
229 924 312 1006 πρὸς
335 920 382 1004 σέ,
406 919 559 1005 δέσποτα,
585 918 767 1005 εὐσέβειαν,
790 919 952 987 ἀλλὰκαὶ
975 937 1077 1007 προσ-

57 1028 191 1113 διέβαλε
218 1027 273 1094 καὶ
300 1029 522 1108 κατεψεύσατο
550 1039 755 1113 κακουργῶν.
805 1026 878 1093 ἀλλ’
909 1022 985 1093 οἶδα
1013 1016 1076 1111 γάρ

57 1137 109 1200 ὅτι
137 1136 265 1200 τούτων
293 1131 394 1200 οὐδὲν
421 1134 442 1218 ἡ
471 1135 511 1218 σὴ
536 1135 669 1200 διάνοια
695 1138 881 1222 προσίεται,
909 1136 1022 1199 δικαία
1045 1131 1074 1198 τ’

14 1261 42 1301 ιο
57 1237 142 1307 οὖσα
169 1239 225 1306 καὶ
252 1242 314 1324 τὴν
345 1241 510 1324 ἀλήθειαν
540 1240 706 1326 ἐνισχύειν
733 1239 920 1326 βουλομένη
952 1240 1007 1306 καὶ
1039 1244 1077 1307 τὸ
1136 1264 1140 1272 “

57 1355 157 1414 θεῖον
181 1347 349 1432 ἀγαπῶσα.
395 1349 505 1433 <270>
528 1352 661 1441 μείζονα
686 1349 749 1436 γὰρ
772 1350 993 1426 κινδυνεύσας
1016 1371 1077 1413 πα-

56 1460 136 1520 θεῖν
149 1455 214 1520 ὑπὸ
229 1464 289 1519 τοῦ
302 1455 439 1520 πάππου
455 1455 591 1540 τούμοῦ,
610 1452 666 1521 καὶ
684 1464 743 1540 τῆς
761 1456 840 1539 ὅλης
852 1456 948 1540 ἡμῶν
961 1464 1077 1538 γενεᾶς

57 1562 259 1646 ὀφειλούσης
291 1562 338 1638 είς
370 1559 479 1627 ἐκεῖνα
516 1559 738 1646 ἀπολωλέναι,
778 1565 828 1627 σὺ,
857 1559 990 1648 μέτριος
1022 1560 1077 1627 καὶ

55 1669 198 1754 χρηστὸς
222 1666 353 1750 ἐγένου,
381 1670 455 1733 τότε
481 1669 622 1754 μάλιστα
649 1668 784 1734 πάντων
807 1666 943 1734 ἐκείνων
966 1671 1077 1752 λήθην

14 1794 41 1834 1⁵
56 1775 293 1860 ποιησάμενος,
326 1771 373 1839 ὅτ’
400 1773 555 1852 ἐξουσίαν
581 1783 640 1858 της
666 1771 750 1859 ὑπὲρ
778 1775 890 1839 αὐτῶν
916 1779 1077 1860 τιμωρίας

57 1877 147 1966 εἶχεν
169 1882 189 1964 ἡ
213 1883 333 1966 μνημη.
369 1883 483 1965 φίλον
497 1877 534 1945 δέ
558 1881 619 1946 σὸν
638 1882 771 1966 ἔκρινας
789 1877 845 1965 ἐμὲ
867 1878 923 1945 καὶ
943 1880 996 1946 ἐπὶ
1020 1890 1077 1964 της

56 1986 217 2073 τραπέζης
248 1983 333 2071 εἶχες
365 1985 537 2072 ὁσημέραι,
574 1984 629 2052 καὶ
666 1983 767 2052 οὐδὲν
799 1985 978 2053 ἀπέλειπον
1009 1999 1077 2053 τῶν

57 2105 230 2181 συγγενῶν
248 2103 308 2159 τοῦ
327 2094 468 2178 μάλιστα
486 2091 694 2178 τιμωμένου.’
731 2094 839 2178 <271>
853 2093 946 2160 ταῦτ’
967 2097 1077 2160 εἰπόν-

56 2225 127 2284 τος,
160 2202 237 2266 ούτε
264 2202 324 2266 τὸν
344 2204 604 2286 Μεμφίβοσθον
634 2203 718 2285 ἔγνω
745 2201 897 2280 κολάζειν
924 2199 1001 2267 οὔθ’
1031 2203 1077 2287 ᾡς

14 2327 42 2367 εο
55 2305 352 2391 καταψευσαμένου
371 2315 431 2372 τοῦ
450 2311 539 2391 Σιβᾶ
557 2308 798 2386 καταδικάζειν·
820 2305 892 2374 ἀλλ’
913 2292 997 2394 ύπέρ
1016 2305 1077 2393 μὲν

56 2423 117 2479 τοῦ
144 2414 188 2498 μὴ
216 2414 297 2498 μετὰ
325 2417 413 2497 Σιβᾶ
440 2415 525 2500 πρὸς
554 2414 656 2488 αὐτὸν
685 2414 798 2481 ἐλθεῖν
826 2414 941 2504 ἐκείνῳ
969 2416 1077 2481 πάντα
1124 2396 1133 2408 ’

55 2524 260 2605 χαρίσασθαι
295 2521 419 2604 φήσας,
451 2520 540 2607 αὐτῷ
573 2517 610 2585 δέ
638 2523 879 2604 συγγινώσκειν
907 2521 1077 2607 ὑπέσχετο,

55 2629 96 2691 τδι
119 2627 220 2711 ἡμίση
243 2635 302 2710 της
325 2626 440 2703 οὐσίας
459 2627 547 2714 αὐτῷ
565 2628 722 2703 κελεύσας
740 2626 965 2710 Ιοἰποδοθῆναι.
1002 2628 1020 2694 ὁ
1040 2625 1096 2709 δὲ,

55 2736 306 2818 Μεμφίβοσθος
328 2732 448 2798 ςπάντα
471 2731 549 2816 μέν’
573 2727 665 2796 εἶπεν
688 2730 799 2816 *ἐχέτω
823 2733 841 2799 ὁ
861 2733 979 2816 Σιβάς,
1004 2731 1077 2817 ἐμοὶ

16 2855 41 2896 2⁵
56 2838 87 2904 δ’
114 2839 244 2926 ἀπόχρη
266 2842 303 2905 τὸ
328 2837 365 2905 σὲ
386 2840 448 2922 τὴν
472 2842 645 2923 βασιλείαν
668 2830 890 2923 άπολαβεῖν.’Χ

125 2947 236 3031 <272>
259 2949 458 3031 Βερζελαῖον
482 2943 601 3012 δὲτὸν
625 2948 823 3030 Γαλαδίτην,
846 2947 954 3031 άνδρα
972 2943 1113 3029 μέγαν4

55 3051 111 3118 καὶ
134 3045 248 3137 καλόν,
271 3052 326 3118 καὶ
348 3054 455 3119 πολλὰ
477 3051 728 3140 παρεσχημένον
751 3053 788 3119 ἐν
810 3064 883 3130 ταῖς
901 3056 1077 3138 Παρεμβο-
1180 3115 1182 3120 .

57 3166 131 3236 λαῖς
151 3161 250 3249 αὐτῷ,
272 3160 428 3242 Δαυίδην
446 3181 481 3223 τε
501 3157 741 3245 προπέμψαντα
759 3156 854 3245 μέχρι
872 3166 933 3224 τοῦ
953 3155 1077 3244 Ἰορδά-
1104 3165 1106 3171 ‘

56 3290 130 3349 νου,
149 3266 325 3352 παρεκάλει
345 3272 525 3331 συνελθεῖν
539 3265 601 3343 ἕως
619 3278 686 3331 τῶν
701 3265 951 3351 Ἱεροσολύμων·
971 3288 1077 3350 γηρω-

17 3375 215 3457 θθκομησειν
246 3373 310 3459 γάρ
343 3372 445 3468 αὐτὸν
478 3371 514 3437 ἐν
546 3373 634 3458 πάση
665 3380 758 3457 τιμη,
789 3369 845 3437 καί
877 3372 922 3449 ὡς
953 3374 1077 3459 πατρὸς

130 3499 212 3559 ςεω
232 3521 265 3539 =
284 3493 388 3563 2Reg.
407 3493 472 3547 XIX
487 3499 528 3550 ει.
1116 3471 1120 3475 ’
