2400 3840
556 144 680 196 ENATH
1060 142 1124 208 261

105 307 237 386 πλῆθος
260 301 413 384 γυναιξὶν
440 304 507 386 ἅμα
529 301 585 369 καὶ
608 301 737 381 τέκνοις
761 301 915 369 ίκέτευεν.
934 367 938 375 ,
960 304 1047 389 <10>
1067 304 1128 370 Ἰα-

108 412 216 491 ζίηλος
243 407 283 472 δέ
307 431 359 484 τις
384 410 557 493 προφήτης
583 411 764 496 παρελθὼν
791 412 839 486 είς
861 407 965 494 μέσην
992 410 1054 494 τήν
1078 411 1128 477 ἐκ-

106 518 245 597 κλησίαν
268 513 440 599 ἀνεβόησε,
462 525 508 605 τῷ
526 539 562 580 τε
580 517 703 598 πλήθει
722 514 829 599 λέγων
849 514 969 604 καὶτῷ
988 520 1129 601 βασιλεῖ,

106 621 167 684 τὸν
188 621 273 684 θεὸν
297 618 477 686 ἐπακοῦσαι
501 631 569 686 τῶν
592 621 709 707 εὐχῶν,
731 620 787 686 καὶ
805 625 1005 706 πολεμήσειν
1025 622 1129 689 αὐτὸν

76 737 176 801 ετοῖς
200 724 336 812 ἐχθροῖς
359 725 629 809 ἐπαγγείλασθαι.
666 726 844 814 προσέταξε
867 724 905 792 δὲ
927 738 966 814 τή
990 728 1129 815 ἐπιούσῃ

104 832 168 914 τήν
187 833 346 916 στρατιάν
362 830 561 911 ἐξελάσαντα
580 842 651 911 τοῖς
668 837 839 918 πολεμίοις
856 835 1020 900 ὑπαντᾶν·
1041 837 1130 920 <11>

108 938 265 1023 εὑρήσειν
287 940 351 1024 γάρ
375 937 497 1016 αὐτοὺς
520 937 574 1004 ἐπὶ
596 949 656 1024 τῆς
678 938 798 1024 μεταξὺ
813 938 1051 1025 Ἱεροσολύμων
1073 939 1129 1007 καὶ

104 1042 289 1127 Ἐγγάδδης
317 1043 524 1130 ἀναβάσεως,
556 1043 737 1130 λεγομένης
764 1043 795 1109 δ’
822 1042 968 1132 Ἐξοχῆς,
999 1046 1055 1113 καὶ
1084 1049 1129 1134 μή

110 1135 294 1234 συμβαλεῖν
326 1147 388 1234 μὲν
417 1151 547 1236 αὐτοῖς,
580 1152 721 1229 στάντας
753 1148 792 1216 δὲ
818 1154 923 1237 μόνον
950 1153 1034 1239 ὑρᾶν
1060 1165 1130 1231 πῶς

61 1276 92 1316 10
107 1257 223 1333 αὐτοῖς
246 1257 382 1341 μάχεται
404 1259 442 1322 τὸ
465 1264 575 1323 θεῖον.
617 1267 679 1323 τοῦ
707 1253 744 1323 δέ
767 1260 941 1343 προφήτου
966 1259 1058 1325 ταῦτ’
1085 1263 1130 1326 εί-

107 1365 230 1439 πόντος
258 1362 275 1427 ὁ
299 1359 361 1447 μὲν
388 1367 545 1447 βασιλεὺς
571 1362 626 1430 καὶ
653 1365 691 1430 τὸ
719 1369 864 1449 πλῆθος,
891 1367 1048 1443 πεσόντες
1076 1364 1130 1431 ἐπὶ

108 1471 304 1554 πρόσωπον,
330 1470 556 1556 ηὐχαρίστουν
583 1494 619 1536 τε
645 1480 691 1559 τῷ
718 1478 788 1560 θεῷ
810 1469 866 1537 καὶ
889 1473 1130 1557 προσεκύνουν,

108 1575 145 1638 οῖ
166 1571 204 1638 δὲ
227 1578 375 1640 Λευῖται,
389 1586 460 1652 τοῖς
483 1576 641 1661 ὀργάνοις
664 1575 835 1642 διετέλουν
856 1578 1049 1662 ὑμνοῦντες.

177 1680 273 1762 (12)
302 1681 369 1765 ἀμα
392 1678 423 1746 δ’
449 1679 555 1769 ήμέρᾳ
577 1682 755 1767 προελθὼν
778 1681 796 1746 ὁ
820 1685 975 1765 βασιλεὺς
998 1685 1047 1759 είς
1068 1683 1164 1765 τήνε

60 1805 92 1847 15
107 1789 234 1871 ἔρημον
260 1786 322 1870 τήν
348 1787 503 1852 ὑποκάτω
534 1788 667 1864 Θεκώας
693 1789 835 1870 πόλεως,
865 1788 956 1870 ἔλεγε
982 1789 1066 1871 πρὸς
1091 1789 1129 1853 τὸ

107 1899 241 1976 πλῆθος
264 1893 310 1969 ὡς
333 1894 387 1958 δεῖ
407 1893 576 1959 πιστεύειν
593 1900 664 1968 τοῖς
685 1893 750 1958 ὑπὸ
772 1900 832 1958 τοὺ
849 1894 1024 1979 προφήτου
1043 1895 1131 1978 εἰρη-

107 1997 241 2084 μένοις,
268 1997 323 2064 καὶ
351 1998 395 2083 μή
418 1999 686 2084 παρατάττεσθαι
712 1994 773 2083 μὲν
798 1997 920 2076 αὐτοὺς
943 2000 991 2076 είς
1013 1999 1131 2083 μάχην,

107 2103 403 2190 προστησαμένους
431 2101 468 2169 δὲ
494 2107 574 2182 τούς
606 2105 705 2190 ίερεῖς
731 2105 908 2189 μετὰτῶν
939 2108 1131 2188 σαλπίγγων

107 2209 165 2276 καὶ
189 2215 332 2289 Λευίτας
355 2213 435 2296 μετὰ
458 2222 526 2277 τῶν
547 2211 746 2296 ὑμνούντων
769 2210 976 2312 εὐχαριστεῖν
998 2212 1044 2289 ὡς
1065 2212 1129 2295 ήδη

61 2337 93 2377 20
109 2316 286 2406 ῥυσαμένῳ
309 2317 372 2401 τήν
393 2319 506 2403 χώραν
523 2316 619 2401 ήμῶν
636 2317 726 2401 παρὰ
743 2327 812 2382 τῶν
829 2321 1006 2402 πολεμίων.
1044 2317 1131 2402 <13>

108 2426 210 2511 ήρεσε
239 2421 269 2489 δ’
295 2423 316 2507 ή
343 2431 404 2488 τοῦ
431 2421 593 2508 βασιλέως
619 2425 749 2509 γνώμη,
776 2421 831 2489 καὶ
859 2425 942 2509 άπερ
970 2423 1131 2508 συνεβού-
1164 2483 1167 2487 ,

108 2536 218 2614 λευσε,
241 2527 332 2595 ταῦτ’
359 2531 530 2615 ἔπραττον.
576 2525 656 2596 δδδ
682 2531 764 2605 θεὸς
786 2531 835 2605 είς
861 2532 971 2614 φόβον
995 2527 1130 2613 ἐνέβαλε

106 2634 164 2701 καὶ
180 2635 328 2720 ταραχήν
346 2638 425 2712 τούς
440 2633 647 2719 Ἀμμανίτας.
683 2636 720 2698 οἳ
735 2629 773 2697 δὲ
792 2631 947 2711 δόξαντες
965 2634 1131 2716 ἀλλήλους

107 2743 289 2825 πολεμίους
316 2738 526 2824 ἀπέκτεινον,
558 2740 604 2817 ὡς
631 2737 667 2804 ἐκ
692 2746 752 2823 τής
782 2739 945 2821 τοσαύτης
976 2747 1131 2824 στρατιᾶς

65 2864 94 2906 25
109 2846 330 2930 άνασωθήναι
358 2845 493 2931 μηδένα.
539 2845 635 2930 <14>
659 2843 860 2930 Ἰωσάφατος
885 2841 915 2908 δ’
941 2841 1132 2929 ἀποβλέψας

108 2955 158 3030 είς
185 2954 248 3036 τήν
274 2954 431 3039 φάραγγα
460 2951 497 3018 ἐν
523 2946 545 3038 ή
572 2949 771 3038 συνέβαινεν
798 2946 1131 3037 ἐστρατοπεδευκέναι

108 3061 189 3136 τούς
205 3062 396 3144 πολεμίους,
418 3056 474 3123 καλ
492 3060 601 3145 πλήρη
620 3069 749 3144 νεκρῶν
768 3058 862 3140 ίδύν,
884 3057 973 3140 ήσθη
995 3051 1057 3140 μὲν
1076 3053 1130 3121 ἐπὶ

109 3172 157 3252 τῷ
181 3164 359 3255 παραδόξῳ
382 3173 442 3249 τῆς
463 3173 525 3229 τοῦ
547 3171 632 3229 θεοῦ
655 3167 826 3249 βοηθείας,
851 3163 902 3228 ότι
924 3158 1007 3247 μηδὲ
1029 3163 1131 3245 ιτονήυ

111 3286 211 3336 σασιν
234 3271 348 3349 αὐτοῖς
371 3272 471 3348 αὐτὸς
494 3267 538 3335 δι’
565 3268 686 3336 ἑαυτοῦ
708 3270 771 3352 τήν
792 3273 890 3351 νίκην
913 3270 1051 3353 ἔδωκεν,
1076 3268 1131 3334 ἐπ-

68 3394 96 3434 εο
111 3375 227 3462 έτρεύε
255 3374 292 3442 δὲ
319 3386 358 3464 τῇ
382 3387 519 3464 στρατιᾷ
543 3376 723 3460 διαρπάσαι
745 3375 807 3457 τήν
828 3377 1042 3461 παρεμβολήν
1063 3385 1131 3440 τῶν

183 3504 248 3564 §10
268 3525 302 3544 =
320 3498 443 3553 2Paral.
457 3498 509 3552 XX
525 3504 567 3556 14.
