2400 3840
112 139 154 204 36
480 139 754 191 APXA10A0r1Az

112 302 243 366 διώκων
263 297 404 384 Ἰώαβος,
428 297 500 365 ἀλλ’
522 299 622 377 αύτός
644 298 673 364 τ’
700 298 842 366 ε’νέκειτο
866 302 1130 385 παρακελευόμε-

111 432 170 485 νος
196 411 274 484 τοὺς
301 407 437 484 ὁπλίτας
465 406 500 472 ἐκ
527 409 630 484 ποδὸς
662 407 801 472 ἕπεσθαι
833 405 887 472 καὶ
918 407 961 490 μὴ
989 405 1130 488 κάμνειν

111 514 342 600 ἀναιροῦντας,
360 514 447 598 <14>
461 511 537 578 οἵτ’
555 512 695 598 ἀδελφοὶ
709 515 893 599 προθύμως
910 512 1130 596 ἠγωνίσαντο,

110 619 165 685 καὶ
203 618 461 705 διαφανέστερος
496 630 564 684 τῶν
601 621 712 685 ἀλλων
747 620 887 704 μάλιστα
920 619 937 683 ὁ
970 618 1131 702 νεώτερος

108 724 279 809 Ἀσάηλος,
308 726 345 802 ὃς
373 723 425 790 ἐπὶ
448 726 563 791 ποδῶν
587 726 728 810 ὠκύτητι
756 725 851 803 κλέος
877 720 964 809 εἶχεν
987 722 1043 811 (ού
1066 727 1158 811 γάρε

111 833 313 918 ἀνθρώπους
341 831 433 897 ἐνίκα
460 834 580 917 μόνον,
613 831 696 898 ἀλλά
724 830 779 897 καὶ
807 833 895 919 ίππφ
923 831 1130 896 καταστάντα

112 941 159 1014 είς
183 939 325 1022 ἀμιλλαν
344 937 478 1022 λέγουσι
502 936 757 1025 παραδραμεῖν),
780 935 914 1003 καὶτὸν
929 934 1130 1023 Ἀβέννηρον

111 1042 248 1108 ἐδίωκεν
270 1045 335 1110 ὑπὸ
359 1045 465 1130 ῥύμης
486 1042 541 1109 καὶ
565 1053 624 1128 τῆς
643 1042 693 1110 ἐπ’
714 1045 822 1130 ὀρθὸν
840 1052 948 1127 φοράς
969 1045 1016 1119 είς
1034 1041 1130 1108 οὐδέ-

110 1172 208 1235 τερον
223 1148 388 1231 ἐγκλιθεὶς
401 1161 469 1216 τῶν
483 1162 602 1237 μερῶν.
643 1152 731 1234 <15>
745 1148 1004 1235 ἐπιστραφέντος
1018 1145 1055 1213 δέ
1069 1159 1129 1214 τοῦ

106 1253 309 1343 Ἀβεννήρου
332 1255 386 1322 καὶ
409 1260 689 1341 κατασοφίζεσθαι
716 1257 777 1340 τὴν
802 1256 909 1342 ὁρμὴν
932 1255 1035 1321 αὐτοῦ
1059 1278 1129 1321 πει-
1144 1282 1170 1320 ιο

16 1359 18 1363 ’
110 1361 274 1448 ρωμένου,
292 1361 347 1428 καὶ
365 1359 445 1428 ποτὲ
464 1359 525 1447 μὲν
544 1365 696 1439 είπόντος
715 1361 789 1438 ἑνὸς
807 1372 875 1427 τῶν
892 1359 1012 1426 ἑαυτοῦ
1032 1378 1130 1446 στρα-

108 1481 237 1535 τιωτῶν
265 1467 433 1554 ἀφέμενον
465 1479 523 1552 τῆς
555 1468 698 1547 διώξεως
726 1467 910 1553 ἀφελέσθαι
938 1468 999 1550 τὴν
1026 1490 1130 1533 πανο-

108 1578 220 1658 πλίαν,
239 1576 340 1641 πάλιν
359 1574 404 1659 δ’,
424 1575 468 1651 ώς
487 1575 548 1662 ούκ
567 1577 679 1640 ἐπειθε
698 1583 796 1640 τοῦτο
814 1586 935 1656 ποιεῖν,
954 1586 1131 1657 κατασχεῖν

109 1681 213 1746 αὑτὸν
234 1679 290 1748 καὶ
313 1682 356 1767 μὴ
377 1683 512 1747 διώκειν
530 1691 784 1767 παραινοῦντος,
808 1681 851 1766 μὴ
874 1683 1004 1757 κτείνας
1027 1679 1130 1745 αὐτὸν

110 1785 254 1874 ἀπολέση
282 1788 344 1872 τὴν
366 1791 450 1875 πρὸς
471 1789 531 1853 τὸν
554 1787 702 1872 ἀδελφὸν
729 1787 833 1852 αὐτοῦ
860 1789 1061 1872 παρρησίαν·
1091 1787 1132 1852 οὐ
1147 1809 1171 1849 15

109 1894 316 1980 προσέμενον
338 1897 417 1972 τοὺς
440 1897 575 1977 λόγους,
602 1891 675 1959 ἀλλ’
702 1893 914 1978 ἐπιμείναντα
942 1900 981 1977 τῇ
1011 1892 1131 1977 διώξει,

110 2001 246 2084 φεύγων
269 2001 314 2077 ὡς
338 1995 404 2084 εἶχε
427 2002 464 2065 τὸ
488 2002 572 2085 δόρυ
594 1999 719 2082 πλήξας
745 2001 792 2076 είς
813 1998 959 2064 τούπίσω
983 2004 1131 2083 καιρίως,

109 2115 308 2191 παραχρῆμα
336 2106 535 2172 ἀπέκτεινεν.
582 2106 669 2189 <16>
699 2106 734 2170 οί
760 2102 798 2169 δὲ
825 2103 893 2189 μετ’
920 2104 1023 2169 αὐτοῦ
1053 2107 1130 2170 διώ-

108 2233 223 2285 κοντες
255 2212 315 2274 τὸν
340 2208 540 2295 Ἀβέννηρον
572 2211 617 2286 ὡς
648 2205 758 2293 ἦλθον
791 2209 843 2276 ἐπὶ
871 2213 930 2276 τὸν
957 2214 1061 2276 τόπον
1090 2207 1130 2277 οὗ

109 2321 242 2379 κεῖσθαι
256 2313 432 2399 συνέβαινε
449 2318 507 2380 τὸν
519 2313 689 2398 Ἀσάηλον,
708 2316 921 2402 περιστάντες
934 2319 994 2382 τὸν
1008 2320 1129 2403 νεκρὸν
1144 2341 1170 2380 ω

110 2417 220 2485 οὐκέτι
242 2422 322 2497 τοὺς
339 2423 518 2504 πολεμίους
537 2419 689 2485 ἐδίωκον·
714 2420 732 2486 δ
752 2418 784 2484 δ’
803 2418 935 2506 Ἰώαβος
954 2423 1054 2500 αὐτὸς
1072 2423 1127 2489 καὶ

110 2525 254 2610 ἀδελφὸς
287 2526 390 2592 αύτοῢ
418 2523 607 2610 Ἀβεσσαῖος
638 2528 912 2613 παραδραμόντες
942 2530 980 2592 τὸ
1012 2541 1130 2614 πτῶμα

109 2630 164 2697 καὶ
192 2641 251 2718 τῖγς
277 2636 432 2711 πλείονος
460 2630 512 2699 ἐπὶ
540 2634 599 2699 τὸν
620 2630 819 2718 Ἀβέννηρον
847 2635 994 2718 σπουδης
1019 2638 1130 2701 αἰτίαν

109 2738 170 2822 τὴν
192 2736 275 2824 ὑπὲρ
299 2750 359 2806 τοῦ
387 2743 653 2823 τετελευτηκότος
676 2739 780 2826 ὀργὴν
802 2743 974 2824 λαβόντες,
1002 2741 1129 2832 ἀπίστῳ

109 2847 199 2929 τάχει
227 2843 283 2910 καὶ
311 2849 485 2932 προθυμίᾳ
512 2848 690 2932 χρώμενοι,
719 2843 815 2930 μέχρι
842 2848 946 2910 τόπου
973 2850 1065 2925 τινὸς
1091 2850 1131 2914 ὃν
1146 2869 1171 2909 νε

106 2947 272 3034 Ἀμμάταν
295 2956 456 3015 καλοῦσιν
480 2949 620 3028 ἐδίωξαν
643 2953 702 3015 τδν
722 2947 937 3036 Ἀβέννηρον,
965 2954 1028 3037 ἤδη
1054 2955 1129 3041 περὶ

110 3057 237 3141 δυσμάς
260 3057 356 3131 όντος
379 3054 486 3137 ἡλίου.
532 3055 619 3139 <17>
639 3055 765 3138 ἀναβάς
784 3054 815 3118 δ’
837 3055 894 3121 ἐπί
909 3081 985 3122 τινα
1003 3063 1130 3144 βουνὸν

111 3163 147 3237 ός
171 3161 261 3228 ἐστιν
289 3161 326 3227 ἐν
355 3160 469 3250 ἐκείνφ
497 3170 543 3248 τῷ
571 3164 660 3249 τόπφ
689 3159 790 3245 μέγας
815 3171 873 3245 τῆς
896 3167 1131 3250 Βενιαμίτιδος

109 3274 232 3352 φυλίης,
266 3268 387 3347 αύτούς
419 3291 454 3333 τε
486 3265 718 3332 κατεσκέπτετο
750 3264 805 3330 καὶ
835 3270 895 3334 τὸν
920 3267 1129 3357 Ἀβέννηρον.

109 3374 230 3438 τούτου
254 3371 286 3437 δ’
307 3374 569 3461 ἀνακεκραγότος
586 3369 641 3437 καὶ
660 3373 828 3456 φήσαντος
848 3373 892 3457 μὴ
913 3376 985 3442 δεῖν
1003 3380 1130 3465 ἀνδρας
1144 3398 1171 3437 ω

181 3495 523 3564 §14=2Reg.1118.
