2400 3840
506 143 631 196 οΓΔοΗ
1013 146 1077 211 1-95

126 305 236 388 <122>
261 303 278 370 ὁ
303 301 364 387 μὲν
387 298 450 369 οὐν
471 307 628 389 βασιλεὺς
655 303 843 389 διαλεχθεὶς
869 317 972 372 ταῦτα
995 310 1078 394 πρὸς
1097 328 1113 378 5

57 413 95 476 τὸ
114 416 246 495 πλῆθος
265 410 393 475 διαλύει
412 412 474 494 την
492 409 678 495 ἐκκλησίαν,
701 408 835 489 τελέσας
853 415 976 489 θυσίας
993 413 1077 499 ὑπέρ

58 540 93 582 τε
116 517 221 582 αὐτοῦ
244 514 300 581 καὶ
321 517 456 583 πάντων
471 515 645 603 Ἑβραίων,
669 516 714 594 ὡς
736 520 881 602 μόσχους
901 514 963 602 μὲν
981 542 1078 583 κατα-

58 630 163 689 θῦσαι
186 624 328 708 μυρίους
349 620 405 687 καὶ
428 624 627 707 δισχιλίους,
654 623 831 708 προβάτων
855 620 891 688 δὲ
915 625 1078 709 μυριάδας

30 731 196 795 εδάδεκα.
243 728 264 812 <
271 729 361 812 123>
388 731 448 794 τὸν
475 731 538 816 γάρ
565 731 650 795 ναὸν
677 732 750 795 τότε
777 740 910 815 πρῶτον
943 733 1078 813 ἔγευσεν

58 834 345 921 ἱερουργημάτων,
377 832 431 900 καὶ
463 837 746 920 κατευωχήθησαν
777 835 813 901 ἐν
841 837 930 924 αὐτῷ
957 836 1079 914 πάντες

58 945 122 1007 σὺν
145 939 278 1023 γυναιξὶ
299 938 355 1006 καὶ
376 939 505 1019 τέκνοις
520 939 677 1028 Ἑβραῖοι.
723 944 771 1008 ἔτι
791 939 828 1007 δέ
847 940 903 1007 καὶ
921 943 983 1025 τὴν
1002 959 1078 1027 σκη-

57 1052 223 1132 νοπηγίαν
245 1047 455 1132 καλουμένην
483 1046 602 1135 ἑορτὴν
628 1050 693 1135 πρὸ
721 1057 781 1114 τοῦ
809 1059 894 1114 ναοῦ
921 1055 1079 1135 λαμπρῶς

56 1153 112 1221 καὶ
137 1161 391 1240 μεγαλοπρεπῶς
415 1151 467 1219 ἐπὶ
492 1152 545 1233 δὶς
563 1152 643 1220 ἑπτά
661 1153 785 1241 ἡμέρας
802 1156 926 1238 ἤγαγεν
949 1154 966 1221 ὁ
986 1161 1079 1240 βασι-

18 1279 44 1321 ω
58 1264 136 1338 λεὺς
159 1263 223 1333 σὺν
245 1261 366 1326 ἀπαντι
389 1269 435 1348 τῷ
458 1263 535 1350 λαῶ
550 1262 850 1346 κατευωχούμενος.

127 1368 237 1451 <124>
261 1364 330 1432 ἐπεὶ
354 1364 385 1431 δ’
409 1362 497 1453 εἶχεν
520 1366 633 1446 αὐτοῖς
655 1367 875 1455 ἀποχρώντως
897 1376 1000 1432 ταῦτα
1022 1364 1113 1438 καλε

44 1470 163 1558 -μηδέυ
186 1470 292 1537 ἐνέδει
315 1481 355 1558 τη
377 1471 454 1560 περὶ
476 1475 537 1539 τὸν
559 1475 643 1538 θεὸν
667 1473 828 1562 εὐσεβείᾳ,
851 1474 934 1559 πρὸς
957 1473 1079 1551 αὐτοὺς

23 1595 25 1602 ’
58 1579 189 1645 ἕκαστοι
212 1587 273 1644 τοῦ
292 1578 453 1663 βασιλέως
471 1578 701 1658 ἀπολύσαντος
721 1578 862 1666 ἀπῇσαν,
886 1579 1079 1666 εὐχαριστή-

58 1703 176 1762 σαντες
202 1689 248 1773 τῶ
276 1689 408 1769 βασιλεῖ
433 1694 491 1770 τῆς
519 1709 554 1751 τε
582 1684 658 1771 περὶ
686 1685 808 1765 αὐτούς
835 1690 996 1773 προνοίας
1023 1683 1078 1750 καὶ

18 1809 43 1850 15
59 1786 107 1856 ὧν
131 1789 318 1869 ἐπεδείξατο
338 1794 455 1879 ἔργων,
477 1790 533 1856 καὶ
553 1791 726 1877 εὐξάμενοι
744 1803 790 1880 τῷ
809 1799 879 1880 θεῷ
897 1803 1079 1877 παρασχεῖν

59 1898 174 1975 αὐτοῖς
201 1898 249 1974 εἰς
270 1894 384 1984 ζπολύν
410 1901 534 1985 χρόνον
561 1903 748 1982 Σολομῶνα
776 1897 928 1982 βασιλέα·
956 1898 1017 1980 τήν
1045 1919 1079 1962 τε

58 2007 198 2089 πορείαν
222 2002 396 2070 ἐποιοῦντο
420 2005 500 2089 μετά
522 2013 625 2091 χαρᾶς
645 2001 700 2069 καὶ
718 2004 864 2087 παιδιᾶς,
876 1997 1015 2086 ’ύμνους
1033 2003 1080 2080 είς

58 2113 119 2177 τὸν
137 2111 221 2176 θεὸν
236 2109 382 2197 ᾅδοντες,
401 2111 447 2188 ὡς
463 2111 529 2176 ὐπὸ
548 2119 607 2194 τῆς
624 2110 749 2194 ἡδονῆς
768 2109 900 2187 ἀπόνως
918 2096 979 2191 τὴν
998 2108 1080 2175 ὁδὸν

58 2219 121 2301 τὴν
144 2214 198 2282 ἐπὶ
220 2218 260 2283 τά
284 2218 388 2282 οίκεϊα
411 2217 537 2294 πάντας
559 2216 690 2284 ἀνύσαι.
735 2218 852 2303 <125>
879 2214 934 2281 καὶ
962 2219 997 2282 οἳ
1018 2212 1079 2300 μὲν

18 2342 44 2383 ιο
58 2325 121 2407 τὴν
143 2325 287 2407 κιβωτὸν
310 2325 357 2401 είς
374 2324 434 2389 τὸν
452 2326 536 2390 ναὸν
555 2326 786 2409 εἰσαγαγόντες
805 2322 860 2390 καὶ
879 2325 917 2390 τὸ
936 2321 1079 2408 μέγεθος
1177 2309 1180 2338 “

58 2427 114 2495 καὶ
141 2431 179 2495 τὸ
207 2430 328 2507 κάλλος
357 2431 590 2517 ἱστορήσαντες
621 2431 740 2516 αὐτοῦ,
772 2428 827 2496 καὶ
858 2437 992 2496 θυσιῶν
1025 2426 1075 2494 ἐπ’

59 2536 148 2623 αὐτῶ
168 2535 320 2618 μεγάλων
337 2533 393 2600 καὶ
412 2533 537 2622 ἑορτῶν
555 2540 803 2621 μεταλαβόντες,
825 2537 872 2613 είς
890 2540 949 2613 τάς
967 2537 1078 2601 αὐτῶν

59 2641 191 2708 ἕκαστοι
213 2644 327 2718 πόλεις
349 2639 571 2727 ὑπέστρεψαν·
601 2643 684 2724 όναρ
708 2628 748 2704 δ’Ἰ
766 2635 929 2725 ἐπιφανὲν
951 2650 997 2726 τῶ
1020 2645 1078 2724 βα-

59 2754 147 2814 σιλεῖ
178 2749 261 2814 κατά
292 2750 370 2824 τοὺς
401 2746 528 2824 ύπνους
561 2745 723 2831 ἐσήμηνεν
754 2744 858 2810 αὐτοῦ
889 2754 948 2828 τῆς
980 2745 1078 2830 εὐχῆς

18 2871 44 2913 25
59 2853 202 2938 ἐπήκοον
229 2856 289 2920 τὸν
315 2854 400 2919 θεὸν
427 2850 613 2937 γεγονέναι,
642 2852 760 2936 <126>
781 2849 837 2916 καὶ
861 2851 911 2916 ὅτι
938 2851 1077 2935 φυλάξει

58 2984 94 3026 τε
116 2962 177 3026 τὸν
199 2961 284 3025 ναὸν
305 2955 360 3023 καὶ
384 2959 440 3023 διά
462 2960 585 3036 παντὸς
608 2956 645 3024 ἐν
665 2956 757 3047 αὐτῷ
780 2966 875 3042 μενεῖ
896 2967 962 3022 τῶν
986 2956 1077 3040 ἐκγό-

58 3091 130 3131 νων
143 3065 248 3130 αὐτοῦ
260 3063 316 3130 καὶ
330 3073 388 3148 τῆς
407 3065 534 3148 ἀπάσης
552 3067 704 3150 πληθύος
722 3066 762 3130 τά
779 3066 890 3131 δίκαια
908 3064 1077 3146 ποιούσης.

58 3172 163 3238 αὐτὸν
186 3167 224 3236 δὲ
247 3183 380 3259 πρῶτον
403 3170 585 3256 ἐμμένοντα
612 3184 685 3250 ταῖς
711 3181 773 3238 τοῦ
799 3172 923 3258 πατρὸς
948 3171 1077 3253 ὑποθή-

57 3304 132 3357 καις
156 3280 268 3362 ἐλεγευ
292 3281 339 3357 είς
359 3278 445 3358 ύύος
462 3277 517 3345 καὶ
536 3277 678 3363 μέγεθος
697 3278 910 3364 εὐδαιμονίας
928 3277 1077 3342 ἀνοίσειν

16 3387 214 3471 εοάπειρον,
240 3383 295 3451 καὶ
318 3386 529 3470 βασιλεύσειν
556 3383 606 3449 ἀεὶ
633 3393 691 3469 τῆς
718 3386 826 3471 χώρας
852 3385 931 3460 τοὺς
959 3381 993 3449 ἐκ
1016 3393 1076 3449 τοῦ

133 3513 148 3573 ξ
166 3511 215 3562 122
236 3534 269 3554 ==
289 3515 304 3563 3
319 3506 388 3576 Reg.
402 3506 468 3561 VIII
482 3510 528 3575 633
548 3504 670 3561 2Paral.
685 3505 738 3562 VH
752 3511 777 3561 ὅ.

876 3594 934 3648 ἢ*
