2400 3840
571 111 669 160 EKTH
1086 106 1129 170 23

107 269 191 353 πρὸς
218 271 312 334 πόλει
340 271 476 355 Μαχμᾷ.
521 279 619 334 τοῦτο
648 269 802 345 Σάουλος
830 270 847 336 ὁ
875 281 943 334 τῶν
966 267 1128 353 Ἑβραίων

107 376 265 458 βασιλεὺς
283 376 403 458 μαθὼν
422 377 470 452 είς
487 375 642 459 Γάλγαλα
660 379 852 460 καταβαίνει
871 378 980 458 πόλιν,
998 373 1052 440 καὶ
1073 378 1128 440 διά

106 479 214 564 πάσης
240 482 393 567 κηρύττει
420 491 479 566 τῆς
506 485 614 569 χώρας
642 480 692 548 ἐπ’
723 482 899 569 ἐλευθερίᾳ
930 487 1042 547 καλῶν
1068 484 1128 547 τὸν

105 587 190 651 λαὸν
219 585 272 652 ἐπὶ
299 589 359 653 τὸν
385 591 531 673 πόλεμον
562 591 622 654 τὸν
654 591 737 675 πρὸς
764 592 842 666 τοὺς
870 589 1127 670 Παλαιστινούς,

77 693 168 776 ιτήν
192 694 337 778 δύναμιν
360 693 568 780 ἐκφαυλίζων
591 696 702 762 αὐτῶν
723 694 778 761 καὶ
803 695 972 779 διασύρων
999 695 1044 771 ὡς
1067 694 1127 758 οὐκ

104 797 298 883 ἀξιόλογον,
326 799 399 866 οὐδ’
428 802 512 868 ὥστε
539 806 720 887 φοβεῖσθαι
749 802 1017 883 διακινδυνεύειν
1044 802 1127 884 πρὸς

104 904 238 982 αὐτούς.
276 907 362 991 <99>
375 910 638 992 κατανοήσαντες
656 906 694 974 δὲ
712 911 749 974 τὸ
769 914 899 993 πλῆθος
917 919 985 973 τῶν
1000 912 1126 972 Παλαι-

105 1023 230 1076 στινῶν
254 1014 289 1078 οί
309 1022 370 1078 τοῦ
393 1016 551 1081 Σαούλου
574 1016 836 1099 κατεπλάγησαν,
859 1012 914 1080 καὶ
938 1018 974 1080 οἳ
995 1010 1056 1099 μὲν
1080 1016 1127 1092 είς

104 1119 145 1182 τά
173 1120 319 1202 σπήλαια
345 1119 400 1185 καὶ
428 1125 507 1198 τοὺς
533 1122 724 1206 ὑπονόμους
752 1124 900 1207 ἔκρυψαν
927 1121 1063 1203 αύτούς,
1094 1122 1129 1186 οί

66 1249 92 1289 ιο
105 1228 242 1302 πλείους
269 1224 300 1290 δ’
327 1229 374 1304 είς
396 1228 458 1310 τήν
479 1227 586 1314 πέραν
612 1237 673 1293 τοῦ
694 1225 865 1314 Ἰορδάνου
892 1237 955 1311 γῆν
985 1231 1125 1312 ἔφυγον·

106 1330 188 1414 αὕτη
213 1330 245 1396 δ’
270 1327 313 1416 ήν
338 1334 450 1398 Γάδον
472 1332 528 1399 καλ
548 1332 735 1419 Ῥουβήλου.

174 1438 284 1520 <100>
303 1438 434 1525 πέμψας
453 1437 491 1505 δὲ
509 1441 663 1518 Σάουλος
680 1443 764 1525 πρὸς
780 1442 841 1506 τὸν
859 1442 1035 1527 προφήτην
1054 1439 1126 1504 ἐκά-
1145 1460 1160 1508 2

105 1549 154 1609 λει
177 1545 262 1629 πρὸς
290 1546 407 1629 αὑτόν,
435 1548 762 1632 συνδιασκεψόμενον
789 1545 863 1631 περὶ
891 1557 952 1612 τοῦ
979 1545 1126 1631 πολέμου

104 1648 159 1714 καὶ
182 1662 251 1715 τῶν
268 1652 480 1737 πραγμάτων.
522 1653 540 1718 ὃ
564 1650 602 1718 δὲ
620 1652 810 1738 περιμένειν
831 1655 935 1719 αὑτὸν
955 1652 1126 1718 ἐκέλευσεν

66 1779 90 1820 ιι
103 1757 226 1822 αὐτόθι
254 1757 309 1823 καλ
336 1759 596 1845 παρασκευάζειν
623 1761 771 1844 θύματα·
805 1760 884 1843 μετὰ
911 1760 974 1844 γάρ
1002 1757 1126 1842 ἡμέρας

104 1863 138 1941 ἓξ
156 1865 243 1950 πρὸς
261 1864 364 1930 αὐτὸν
382 1864 483 1949 ήξειν,
507 1866 596 1943 ὅπως
612 1857 744 1931 θύσωσι
762 1875 800 1951 τῇ
821 1864 944 1950 ἑβδόμη
962 1875 1030 1929 τῶν
1048 1863 1125 1948 ήμε-

103 1981 184 2054 ρῶν,
205 1969 312 2036 ἔπειθ’
329 1971 416 2036 οὕτω
436 1972 629 2056 συμβάλωσι
643 1983 713 2049 τοῖς
729 1975 908 2055 πολεμίοις.
946 1971 1055 2054 <101>
1069 1968 1124 2034 καὶ

102 2075 273 2162 περιμένει
297 2074 358 2161 μὲν
381 2079 426 2155 ὡς
450 2079 467 2144 ὁ
490 2080 662 2164 προφήτης
686 2076 885 2161 ἐπέστειλεν,
915 2074 1024 2142 οὐκέτι
1048 2075 1125 2161 με’ν-

102 2206 155 2248 τοι
175 2206 213 2265 γε
232 2185 384 2270 διατηρεῖ
399 2185 461 2268 τήν
480 2184 628 2268 ἐντολήν,
652 2183 724 2251 ἀλλ’
746 2186 791 2262 ὡς
809 2183 895 2271 ἑώρα
914 2185 1124 2271 βραδύνοντα

63 2311 90 2350 ιο
102 2286 166 2374 μὲν
184 2291 245 2355 τὸν
263 2292 449 2376 προφήτην,
463 2291 566 2356 αὑτὸν
585 2289 615 2356 δ’
634 2293 699 2357 ὑπὸ
714 2304 782 2357 τῶν
800 2303 1009 2378 στρατιωτῶν
1027 2314 1124 2355 κατα·

101 2397 315 2480 λειπόμενον,
348 2398 461 2481 λαβὼν
488 2399 528 2462 τά
555 2398 689 2483 θύματα
716 2401 936 2484 προσήγαγεν.
988 2395 1057 2462 ἐπεὶ
1086 2393 1124 2461 δὲ

101 2503 162 2566 τὸν
176 2503 381 2586 Σαμούηλον
398 2503 519 2586 ήκουσε
537 2508 729 2588 προσιόντα,
748 2506 1018 2588 ὑπαντησόμενος
1032 2501 1123 2587 ἐξήλ-

101 2614 175 2673 θεν.
222 2608 332 2692 <102>
360 2608 378 2674 ὃ
405 2607 435 2672 δ’
461 2610 522 2675 ούκ
549 2610 661 2694 ὀρθῶς
689 2610 792 2674 αύτὸν
820 2611 882 2693 ἔφη
910 2607 1124 2688 πεποιηκέναι

101 2715 360 2800 παρακούσαντα
384 2709 432 2780 ὧν
454 2714 640 2781 ἐπέστειλεν
663 2715 763 2791 αὐτὸς
785 2712 840 2778 καὶ
861 2712 1040 2796 φθάσαντα
1062 2711 1123 2793 τήν

62 2840 88 2880 ω
100 2824 302 2906 παρουσίαν,
320 2821 363 2904 ήν
376 2823 458 2892 κατὰ
477 2823 638 2906 βούλησιν
651 2819 833 2906 γινομένην
847 2827 907 2884 τοῦ
925 2821 1024 2883 θείου
1040 2819 1123 2904 πρὸς

100 2930 160 3004 τὰς
183 2927 283 3011 εὐχάς
305 2925 360 2992 καὶ
383 2929 441 3004 τὰς
463 2932 586 3004 θυσίας
608 2928 667 3005 τὰς
689 2925 772 3012 ὑπὲρ
791 2936 852 2993 τοῦ
870 2927 1023 3010 πλήθους
1042 2948 1122 3010 προ-

101 3034 216 3118 λάβοι,
252 3046 361 3111 κακῶς
393 3036 610 3120 ἱερουργήσας
645 3034 701 3100 καὶ
737 3036 901 3121 προπετὴς
936 3036 1122 3116 γενόμενος.

101 3140 214 3224 <103>
237 3138 510 3225 ἀπολογουμένου
534 3137 571 3205 δὲ
594 3150 654 3206 τοῦ
675 3136 833 3206 Σαούλου
855 3138 910 3204 καὶ
934 3150 1122 3223 περιμεῖναι

99 3243 162 3331 μὲν
190 3247 249 3322 τὰς
274 3244 399 3332 ἡμέρας
427 3245 466 3323 ἃς
494 3247 592 3328 ὥρισε
620 3246 790 3331 λέγοντος,
822 3247 886 3312 ὑπὸ
916 3243 946 3310 δ’
978 3245 1123 3328 ἀνάγκης
1150 3279 1158 3292 ·

62 3350 155 3417 ωκαλ
180 3351 420 3438 ἀναχωρήσεως
443 3348 504 3437 μὲν
526 3364 594 3418 τῶν
618 3354 720 3419 αὑτοῦ
744 3364 954 3438 στρατιωτῶν
982 3354 1037 3418 διὰ
1061 3356 1122 3435 φό-

173 3473 540 3543 §98=1Reg.XIH5.
