2400 3840
508 123 632 174 ουΔοΗ
1013 124 1079 189 223

56 305 139 358 κους
161 279 216 346 καὶ
240 281 370 366 ἀσεβεῖς
393 280 550 368 ἐξετράπη
578 282 712 368 πράξεις
738 283 794 350 καὶ
821 293 880 369 τῆς
906 293 967 351 τοῦ
995 293 1079 352 θεοῦ

57 390 240 474 θρησκείας
266 391 528 474 κατεφρόνησεν,
557 389 601 466 ὡς
628 387 684 455 καὶ
711 392 771 456 τὸν
798 389 854 458 ὑπ’
881 391 969 479 αὐτῷ
997 395 1079 459 λαὸν

57 494 204 580 μιμητὴν
231 493 390 576 γενέσθαι
419 507 487 561 τῶν
514 495 744 580 ἀνομημάτων.
794 497 912 580 <252>
944 500 1079 563 συνδια-

56 604 236 686 φθείρεται
264 602 326 687 γάρ
356 602 396 665 τά
419 611 487 666 τῶν
511 600 704 688 ἀρχομένων
730 604 799 686 ἤδη
822 613 892 680 τοῖς
914 614 982 669 τῶν
1004 604 1079 688 ἡγε-

22 730 37 770 5
55 712 173 793 μόνων
195 708 342 792 τρόποις,
364 705 420 772 καὶ
444 707 489 785 ὡς
512 711 647 793 ἔλεγχον
669 717 728 793 τῆς
752 707 888 775 ἐκείνων
909 709 1080 794 ἀσελγείας

54 815 120 896 τὴν
144 814 255 878 αὑτῶν
279 816 503 898 σωφροσύνην
525 814 797 902 παραπέμποντες
820 816 864 894 ὡς
885 816 984 903 ἀρετῇ
1007 829 1079 894 ταῖς

55 923 188 996 κακίαις
215 919 327 984 αὐτῶν
354 919 502 986 ἕπονται·
535 921 576 986 ού
608 923 671 1007 γάρ
699 923 828 987 ένεστιν
855 921 1078 1008 ἀποδέχεσθαι

56 1029 173 1093 δοκεῖν
200 1027 240 1091 τά
267 1037 335 1091 τῶν
362 1024 527 1109 βασιλέων
555 1029 635 1113 ἔργα
663 1028 707 1111 μὴ
736 1029 839 1095 ταύτὰ
865 1030 1078 1114 πράττοντας.

57 1134 170 1217 <253>
193 1141 291 1199 τοῦτο
314 1136 433 1198 τοίνυν
456 1132 633 1219 συνέβαινε
656 1133 712 1200 καὶ
735 1147 805 1212 τοῖς
827 1137 892 1202 ὑπὸ
912 1134 1077 1226 Ῥοβοάμῳ

15 1263 41 1302 10
56 1238 281 1325 τεταγμένοις,
295 1239 497 1324 ἀσεβοῦντος
511 1241 615 1307 αὐτοῦ
628 1239 684 1307 καὶ
693 1250 967 1327 παρανομοῦντος
977 1259 1079 1307 σπου-

60 1348 172 1424 δάζειν
198 1346 242 1430 μὴ
269 1349 522 1432 προσκρούσωσι
552 1356 598 1437 τῷ
626 1351 770 1432 βασιλεῖ,
802 1347 960 1425 θέλοντες
992 1344 1079 1414 εἶναι

60 1455 194 1518 δίκαιοι.
242 1455 390 1538 τιμωρὸν
423 1450 461 1518 δὲ
492 1462 550 1538 τῆς
582 1455 631 1530 είς
662 1454 765 1520 αὐτὸν
795 1455 924 1542 ὕβρεως
951 1454 970 1520 δ
997 1457 1078 1532 θεὸς

59 1557 233 1644 ἐπιπέμπει
252 1561 311 1625 τὸν
330 1569 398 1625 τῶν
416 1562 612 1643 Αίχυπτίων
632 1559 770 1645 βασιλέα
789 1563 979 1628 Σούσακον·
1003 1558 1079 1648 περὶ

58 1662 100 1730 ού
124 1663 308 1749 πλανηθεὶς
327 1663 507 1752 Ἡρόδοτος
534 1669 592 1744 τάς
618 1666 752 1753 πράξεις
779 1669 883 1734 αὐτοῦ
906 1670 1078 1757 Σεσώστρι

17 1793 44 1833 15
57 1773 250 1856 προσάπτει.
295 1773 405 1857 <254>
428 1767 525 1850 οὗτος
547 1775 611 1858 γάρ
631 1774 648 1839 ὁ
668 1775 843 1851 Σούσακος
860 1772 994 1862 πέμπτῳ
1014 1777 1079 1839 ἔτει

57 1890 117 1964 τῆς
141 1878 321 1965 Ῥοβοάμου
349 1881 518 1968 βασιλείας
545 1878 810 1965 ἐπιστρατεύεται
838 1881 918 1963 μετά
945 1886 1080 1946 πολλῶν

59 1988 148 2075 αύτῷ
173 1986 359 2072 μυριάδων·
383 1987 512 2071 άρματα
534 1981 595 2070 μὲν
618 1986 681 2071 γάρ
705 1985 794 2074 αὐτῷ
816 1988 906 2070 χίλια
929 1983 984 2049 καὶ
1008 1985 1079 2050 δια-

58 2096 155 2158 κόσια
177 2096 238 2159 τὸν
261 2092 409 2178 ἀριθμὸν
432 2092 623 2176 ἠκολούθει,
647 2089 774 2159 ίππέων
798 2089 833 2157 δὲ
853 2092 1012 2178 μυριάδες
1034 2091 1080 2175 έξ,

58 2203 166 2278 πεζῶν
194 2196 231 2265 δὲ
259 2199 418 2286 μυριάδες
444 2198 693 2285 τετταράκοντα.
738 2201 866 2265 τούτων
889 2202 967 2276 τοὺς
989 2203 1079 2265 πλεί-

16 2325 45 2366 20
59 2324 160 2384 στους
183 2310 313 2392 Λίβυας
336 2305 474 2389 ἐπήγετο
497 2304 552 2372 καὶ
573 2309 752 2384 Αίθίοπας.
798 2306 906 2392 <255>
926 2305 1079 2390 ἐμβαλὼν

59 2408 122 2479 οὖν
146 2415 194 2490 είς
212 2413 273 2496 τὴν
292 2414 404 2498 χώραν
426 2424 495 2478 τῶν
514 2411 677 2499 Ἑβραίων
698 2413 942 2499 καταλαμβάνει
963 2437 999 2478 τε
1021 2415 1083 2490 τάς

60 2519 271 2605 ὀχυρωτάτας
298 2527 357 2602 τῆς
380 2516 559 2603 Ῥοβοάμου
590 2522 760 2602 βασιλείας
788 2521 901 2595 πόλεις
928 2519 1079 2602 άμαχητί,

58 2623 115 2699 καὶ
134 2626 255 2702 ταύτας
273 2625 542 2710 ἀσφαλισάμενος
561 2627 700 2708 ἔσχατον
719 2622 844 2708 ἐπῆλθε
861 2635 931 2699 τοῖς
940 2622 1078 2709 Ἱεροσο-

60 2733 186 2816 λύμοις.
224 2731 494 2817 ἐγκεκλεισμένου
518 2726 555 2795 δὲ
573 2738 634 2795 τοῦ
649 2727 828 2814 Ῥοβοάμου
846 2727 979 2794 καὶτοῦ
998 2730 1078 2812 πλη·
1097 2746 1118 2794 3.

17 2857 44 2897 ετ
60 2845 147 2915 θους
170 2837 208 2904 έν
230 2839 345 2916 αὐτοῖς
369 2840 425 2904 διδ
447 2836 508 2920 την
532 2835 711 2902 Σουσάκου
739 2837 913 2921 στρατείαν
939 2832 995 2899 καὶ
1019 2836 1079 2899 τὸν

59 2947 145 3010 θεὸν
169 2940 384 3011 ἱκετευόντων
408 2946 526 3010 δοῦναι
553 2946 651 3027 νίκην
678 2938 733 3007 καὶ
760 2944 941 3027 σωτηρίαν,
968 2941 1082 3024 (256)

60 3052 121 3116 οὐκ
141 3053 276 3117 ἔπεισαν
295 3052 354 3116 τὸν
372 3051 456 3116 θεὸν
473 3056 639 3134 ταχθῆναι
658 3046 728 3133 μετ’
745 3047 865 3113 αὐτῶν.
907 3047 925 3112 ὁ
944 3043 981 3110 δέ
999 3067 1079 3131 προ-

60 3159 168 3241 φήτης
191 3160 345 3240 Σαμαίας
368 3158 491 3240 ἔφησεν
518 3156 632 3232 αὐτοῖς
659 3157 718 3221 τὸν
745 3155 829 3220 θεὸν
856 3152 1003 3218 ἀπειλεῖν
1027 3151 1078 3234 ε’γ-

59 3266 272 3341 καταλείψειν
291 3262 423 3346 αύτούς,
445 3262 489 3339 ὡς
507 3260 562 3327 καὶ
581 3260 676 3327 αὐτοὶ
694 3262 755 3343 τὴν
773 3261 957 3345 θρησκείαν
976 3257 1081 3322 αὐτοῦ

20 3388 45 3428 ³⁰
59 3369 248 3451 κατέλιπον.
294 3367 385 3435 ταῦτ’
416 3367 617 3445 ἀκούσαντες
645 3367 749 3444 εὐθὺς
775 3377 847 3444 ταῖς
874 3377 995 3449 ψυχαῖς
1022 3365 1083 3429 άν-

134 3497 216 3557 §253
237 3518 268 3537 =
289 3490 521 3556 2Para1.xss2;
542 3488 720 3560 aReg.xw
735 3494 784 3544 (ιδ.
