2400 3840
496 141 647 192 EBAOMH
1016 143 1078 207 109

59 299 174 365 αὐτῶν
198 300 370 384 δυνάμεως
394 298 447 365 ἐπὶ
469 301 635 386 προφάσει
658 274 928 388 φιλανθρωπίας·
955 304 1080 386 φυλάτ-

61 408 184 471 τεσθαί
203 429 239 470 τε
262 408 508 490 συνεβούλευον
529 404 585 471 καὶ
610 407 654 491 μή
677 406 853 493 προσέχειν
874 419 945 485 τοϊς
966 413 1080 492 λόγοις

59 512 176 596 αὐτοῦ,
195 512 240 596 μή
257 510 314 577 καὶ
328 510 468 596 σφαλεὶς
481 512 720 603 ἀπαρηγορήτῳ
736 521 893 600 συμφορᾷ
910 513 1078 599 περιτέση.

59 619 172 702 <119>
193 616 286 683 ταῦτ’
307 613 370 684 οὖν
389 617 488 697 δόξας
504 621 719 705 πιθανώτερα
737 617 847 702 λέγειν
864 623 942 697 τοὺς
960 621 1079 705 άρχον-

29 748 45 790 ε
59 749 121 802 τας
134 722 155 806 ή
169 721 314 808 τάληθὲς
328 719 426 809 εἶχεν,
445 725 463 791 ὁ
482 736 550 790 τῶν
566 723 774 809 Ἀμμανιτῶν
787 727 943 808 βασιλεὺς
954 723 1079 791 Ἀννὼν

59 835 141 908 τοὺς
163 833 252 915 παρὰ
275 839 336 896 τοῦ
353 831 509 895 Δαυίδου
526 829 742 915 πεμφθέντας
759 829 913 917 πρέσβεις
930 839 1080 916 χαλεπῶς

60 938 268 1023 περιύβρισε·
293 935 437 1022 ξυρήσας
455 937 519 1022 γάρ
538 935 650 1001 αύτῶν
666 937 707 1001 τὰ
725 935 826 1020 ήμίση
844 948 912 1002 τῶν
929 940 1079 1021 γενείων,

60 1042 117 1108 καὶ
140 1044 181 1109 τά
202 1043 303 1127 ήμίση
326 1053 394 1107 τῶν
418 1043 558 1127 ίματίων
579 1043 773 1128 περιτεμάν,
804 1045 914 1129 ἔργοις
936 1041 1080 1110 ἀπέλυσε

60 1152 266 1233 κομίζοντας,
289 1149 330 1215 ού
349 1152 473 1234 λόγοις,
495 1151 554 1227 τὰς
572 1148 771 1236 ἀποκρίσεις.
811 1149 922 1234 <120>
941 1151 1024 1217 ίδῶν
1043 1147 1081 1216 δὲ

18 1279 47 1319 10
61 1253 163 1321 ταῦθ’
195 1257 214 1323 ὁ
246 1266 314 1321 τῶν
343 1253 554 1341 Ἰσραηλιτῶν
586 1258 742 1340 βασιλεὺς
771 1255 993 1340 ἠγανάκτησε,
1024 1256 1079 1322 καὶ

64 1363 166 1445 δήλος
186 1357 230 1446 ήν
253 1362 294 1427 ού
317 1364 559 1447 περιοψόμενος
580 1362 643 1445 τήν
670 1361 772 1449 ύβριν
793 1360 931 1429 καὶτὸν
953 1384 1079 1449 προπη-

61 1471 235 1552 λακισμόν,
258 1468 342 1534 άλλδι
365 1469 561 1552 πολεμήσων
582 1473 654 1545 τὀίς
673 1465 885 1580 Ἀμμανίταις
902 1466 958 1534 καὶ
980 1493 1079 1555 τιμα-

62 1578 141 1661 ρίαν
163 1576 276 1640 αὐτῶν
301 1584 361 1673 της
387 1578 595 1660 παρανομίας
621 1584 680 1659 τής
707 1577 755 1653 είς
776 1578 855 1652 τοὺς
876 1578 1080 1662 πρεσβευτάς

63 1680 319 1768 εἰσπραξόμενος
346 1684 407 1748 τὸν
429 1680 576 1766 βασιλέα.
621 1682 730 1766 <121>
753 1682 908 1759 συνέντες
931 1679 969 1747 δὲ
992 1684 1027 1747 οἵ
1046 1679 1076 1747 τ’

22 1811 47 1849 ιε
62 1789 238 1871 ἀναγκαῖοι
260 1786 316 1854 καὶ
338 1788 498 1874 ήγεμόνες
520 1788 572 1852 ότι
591 1789 881 1874 παρεσπονδήκασι
903 1785 958 1852 καί
982 1788 1079 1870 δίκην

61 1891 146 1978 ὑπὲρ
169 1895 299 1960 τούτων
317 1896 502 1978 ὀφείλουσι,
524 1894 892 1979 προπαρασκευάζονται
914 1894 998 1978 πρὸς
1020 1894 1080 1958 τὸν

61 2003 222 2086 πόλεμον·
250 1999 306 2066 καί
333 1999 521 2085 πέμψαντες
547 2002 631 2085 πρὸς
653 2001 770 2086 Σύρον
796 2001 856 2065 τὸν
877 2009 945 2065 τῶν
967 2003 1079 2064 Μεσο-

61 2117 253 2190 ποταμιτῶν
270 2104 408 2191 βασιλέα
427 2110 518 2191 χίλια
535 2106 691 2189 τάλαντα,
714 2107 887 2190 σύμμαχον
904 2104 1008 2172 αὐτὸν
1026 2104 1079 2172 ἐπὶ

61 2214 168 2301 τούτῳ
196 2211 355 2296 γενέσθαι
382 2223 428 2301 τῷ
455 2219 567 2302 μισθῷ
594 2212 821 2299 παρεκάλεσαν
847 2209 904 2278 καὶ
931 2213 1079 2299 Σουβάν.

20 2341 47 2380 ιο
61 2315 148 2403 ἦσαν
176 2317 213 2385 δὲ
239 2330 310 2396 τοϊς
338 2322 510 2403 βασιλεῦσι
536 2321 667 2397 τούτοις
696 2323 803 2399 πεζῶν
826 2320 887 2385 δύο
911 2321 1079 2407 μυριάδες.

61 2427 380 2511 προσεμισθώσαντο
399 2424 437 2492 δὲ
458 2424 514 2492 καὶ
532 2428 592 2493 τὸν
613 2425 649 2492 ἐκ
666 2436 725 2511 τῆς
743 2431 857 2512 Μιχᾶς
874 2426 1080 2512 καλουμένης

61 2534 172 2616 χώρας
194 2533 331 2615 βασιλέα
353 2531 409 2597 καὶ
432 2530 589 2619 τέταρτον
602 2531 763 2617 Ἴστοβον
785 2535 901 2617 ὄνομα,
925 2531 981 2598 καί
1003 2535 1080 2599 τού-

62 2661 143 2714 τους
166 2641 301 2722 έχοντας
322 2642 466 2725 μυρίους
487 2635 543 2704 καὶ
566 2639 752 2721 δισχιλίους
773 2637 918 2714 ὁπλίτας.

131 2744 240 2828 (122)
274 2745 314 2809 ού
340 2744 526 2826 κατεπλάγη
559 2739 597 2808 δὲ
622 2743 684 2826 τήν
712 2745 901 2827 συμμαχίαν
930 2740 987 2807 καὶ
1018 2743 1114 2826 τήνκ

21 2868 48 2910 ει
62 2861 131 2916 τῶν
150 2847 358 2936 Ἀμμανιτῶν
381 2851 527 2934 δύναμιν
554 2849 572 2916 ὁ
595 2850 763 2932 Δαυίδης,
789 2857 835 2937 τῷ
863 2845 902 2914 δέ
927 2855 997 2936 θεῷ
1024 2870 1080 2914 πε-

62 2957 193 3034 πονθὼς
214 2955 270 3022 καὶ
293 2965 339 3045 τῷ
362 2957 498 3034 δικαίοις
520 2956 634 3034 αύτοϊς
651 2953 731 3022 ἀνθ’
753 2949 801 3021 ὧν
818 2955 966 3042 ὑβρίσθη
984 2961 1080 3021 πολε-

62 3071 139 3148 μεῖν
162 3061 310 3148 μέλλειν,
335 3061 471 3148 Ἰώαβον
497 3066 557 3130 τὸν
584 3063 860 3150 ἀρχιστράτηγον,
888 3063 968 3139 δοὺς
991 3062 1081 3150 αὐτῶ

62 3178 122 3253 τής
154 3179 309 3256 στρατιᾶς
335 3171 372 3236 τὸ
402 3170 637 3255 ἀκμαιότατον,
665 3169 698 3249 ἐξ
726 3171 828 3254 αὐτῆς
855 3171 1000 3253 ἔπεμψεν
1026 3166 1077 3234 ἐπ’

63 3274 196 3353 αύτούς.
241 3277 350 3362 (123)
370 3277 388 3343 ὃ
408 3274 445 3342 δὲ
462 3279 545 3364 πρὸς
564 3286 604 3362 νή
622 3279 821 3363 μητροπόλει
839 3287 907 3341 τῶν
927 3273 1080 3360 Ἀμμανι-

20 3399 48 3440 σο
63 3393 131 3448 τῶν
151 3380 297 3470 Ῥαβαθᾷ
318 3385 708 3470 κατεστρατοπεδεύσατο.
754 3392 821 3448 τῶν
850 3378 887 3447 δὲ
912 3385 1080 3466 πολεμίων

137 3504 754 3574 §119=2Reg.X4;1Paral.X1K4.
