2400 3840
117 115 184 180 290
487 117 761 170 APxA10AOP1A2

117 299 152 341 τε
170 273 226 340 καὶ
245 275 421 361 φαρέτρας,
439 274 494 341 καὶ
513 283 548 342 εί
561 301 592 342 τι
609 277 723 363 ἕτερον
742 272 831 354 εἶδος
845 278 955 344 ὅπλου
974 279 1149 366 κατέλαβε,

118 381 173 448 καὶ
196 382 493 467 καθωπλισμένους
516 386 652 467 ἔστησεν
680 382 717 449 ἐν
743 385 853 472 κύκλῳ
880 383 961 470 περὶ
989 388 1031 450 τὸ
1059 387 1149 473 ἱερὸν

119 487 373 574 συναύομένους
390 489 452 571 τὴν
469 501 563 574 χεῖρα
580 487 636 554 καὶ
653 490 717 572 την
737 491 870 555 εἴσοδον
887 502 963 568 τοῖς
981 492 1026 556 οὐ
1046 512 1148 578 προσ-

118 598 257 678 ήκουσιν
284 594 390 672 ούτως
417 594 695 679 ἀποτειχίσοντας.
746 596 864 679 <149>
892 602 1149 680 συναγαγόντες

119 697 157 766 δέ
184 703 244 767 τὸν
270 702 373 766 παῖδα
401 702 449 778 είς
475 703 512 767 τὸ
540 699 642 786 μέσον
670 699 835 767 ἐπέθεσαν
861 702 953 791 αὐτῷ
981 705 1047 769 τὸν
1079 705 1169 770 στί-τ

119 831 229 893 φανον
260 809 321 872 τὸν
352 809 541 891 βασιλικόν,
571 804 627 872 καὶ
658 816 704 895 τῷ
736 806 835 896 ἐλαίῳ
863 811 984 895 χρίσας
1008 807 1147 888 Ἰώδαος

119 911 269 990 ἀπέδειξε
295 910 442 995 βασιλέα.
492 915 529 978 τὸ
558 909 596 978 δὲ
626 919 758 997 πλῆθος
787 920 907 1000 χαίρον
938 913 997 980 καί
1026 941 1147 1002 κροτα·

119 1021 211 1096 λίζον
234 1015 312 1100 ἐβόα
335 1018 499 1096 σώζεσθαι
522 1021 581 1084 τὸν
604 1017 750 1102 βασιλέα.

83 1144 100 1193 3
187 1122 305 1206 <150>
328 1131 388 1187 τοῦ
412 1119 449 1188 δέ
472 1125 626 1210 θορύβου
647 1123 794 1191 καὶτῶν
817 1124 966 1192 ἐπαίνων
990 1130 1144 1195 Γοθολία

118 1224 196 1313 παρ’
223 1225 359 1306 ἐλπίδας
381 1229 563 1312 ἀκούσασα,
592 1229 815 1316 τεταραγμένη
843 1232 978 1317 σφόδρα
1005 1243 1048 1319 τῇ
1074 1237 1143 1300 δια-
1156 1254 1176 1292 1⁰

119 1337 196 1423 νοίῳ
218 1336 299 1420 μετὰ
321 1344 380 1419 τῆς
403 1336 491 1413 ίδίας
514 1334 690 1419 ἐξεπήδησε
718 1346 873 1422 στρατιᾶς
899 1336 934 1403 ἐκ
960 1348 1023 1405 τοῦ
1048 1345 1143 1424 βασι-

119 1445 221 1507 λείου.
265 1439 321 1506 καὶ
343 1439 616 1528 παραγενομένην
640 1443 688 1519 είς
709 1444 747 1508 τὸ
772 1445 864 1528 ἱερὸν
890 1444 998 1528 αὐτὴν
1022 1448 1061 1512 οί
1083 1444 1143 1533 μὲν

120 1548 219 1632 ίερείς
242 1545 460 1632 είσδέχονται,
488 1550 566 1624 τοὺς
593 1544 625 1612 δ’
652 1545 833 1632 ἑπομένους
861 1549 1000 1628 ὁπλίτας
1028 1548 1142 1639 εἷρξαν

119 1653 286 1717 εἰσελθεῖν
313 1653 349 1717 oc
373 1664 587 1739 περιεστῶτες
614 1652 651 1719 ἐν
677 1654 788 1743 κύκλῳ
815 1665 883 1720 τῶν
905 1656 971 1721 ὑπὸ
997 1667 1060 1723 τοῦ
1086 1659 1141 1744 ἀρ-

118 1756 253 1846 χιερέως
275 1766 373 1824 τούτο
395 1757 699 1846 προστεταγμένων.
737 1759 847 1844 <151>
871 1761 992 1826 ίδοῦσα
1017 1759 1056 1828 δὲ
1080 1767 1173 1830 I'0-15

118 1868 221 1932 θολία
244 1868 303 1932 τὸν
320 1867 423 1932 παῖδα
442 1864 495 1932 ἐπὶ
513 1874 572 1950 τῆς
590 1874 713 1949 σκηνῆς
736 1862 858 1931 ἑστῶτα
880 1863 936 1931 καὶ
958 1869 1022 1934 τὸν
1044 1874 1141 1953 βασι-

119 1974 214 2038 λικὸν
232 1975 461 2058 περικείμενον
479 1969 657 2057 στέφανον,
674 1968 936 2058 περιρρηξαμένη
950 1970 1008 2038 καί
1023 1976 1141 2043 δεινὸν

119 2077 353 2162 ἀνακραγοῦσα
367 2079 525 2161 φονεύειν
539 2074 668 2142 ἐκέλευε
682 2079 741 2143 τὸν
756 2075 1041 2160 ἐπιβουλεύσαντα
1055 2082 1140 2168 αὐτῇ

119 2180 173 2246 καὶ
200 2181 262 2263 τὴν
289 2180 395 2267 ἀρχὴν
426 2180 612 2264 ἀφελέσθαι
644 2183 887 2249 σπουδάσαντα.
934 2182 1070 2266 Ἰώδαος
1103 2187 1140 2254 δὲ

118 2282 258 2361 καλέσας
280 2288 359 2360 τοὺς
381 2282 641 2371 ἑκατοντάρχους
659 2286 830 2356 ἐκέλευσεν
853 2290 975 2369 αὐτούς
993 2292 1139 2378 ἀγαγόν-
1152 2313 1176 2352 20

118 2414 177 2467 τας
208 2390 269 2472 την
299 2392 470 2455 Γοθολίαν
502 2392 549 2468 είς
580 2390 641 2475 την
673 2394 829 2482 ῳάραγγα
861 2397 923 2482 την
954 2402 1138 2486 Κεδρῶνος

118 2495 250 2561 ἀνελείν
273 2495 377 2581 αὐτην
401 2495 478 2563 ἐκεῖ·
503 2498 547 2582 μὴ
566 2499 628 2585 γὰρ
647 2501 831 2583 βούλεσθαι
849 2512 964 2588 μιᾶναι
984 2507 1022 2570 τὸ
1044 2509 1138 2593 ἱερὸν

119 2602 240 2668 αὐτόθι
258 2603 319 2686 τὴν
333 2602 504 2690 ἀλιτηριον
517 2606 797 2692 τιμωρησάμενον.
833 2608 942 2691 <152>
955 2611 1137 2695 προσέταξε

119 2709 167 2795 δέ,
189 2710 252 2776 κάν
270 2714 409 2795 βοηθῶν
428 2735 477 2790 τις
494 2710 676 2798 προσέλθη,
693 2713 848 2779 κάκεῖνον
866 2712 1007 2780 ἀνελεῖν.
1040 2716 1137 2784 ε’λλα-

118 2819 255 2902 βόμενοι
282 2820 399 2883 τοίνυν
425 2825 484 2901 τῆς
511 2820 678 2895 Γοθολίας
708 2820 743 2884 oc
768 2816 1046 2905 προστεταγμένοι
1075 2825 1138 2908 την
1151 2841 1175 2882 2⁵

119 2921 291 3008 ἀναίρεσιν
314 2922 425 3006 αὐτῆς,
449 2921 503 2987 ἐπὶ
525 2924 586 3005 τὴν
608 2926 718 3005 πύλην
740 2936 807 2991 τῶν
825 2925 974 3010 ἡμιόνων
992 2938 1053 2994 τοῦ
1077 2935 1136 3016 βα-

120 3027 237 3106 σιλέως
259 3029 396 3111 ἤγαγον,
419 3026 514 3092 κάκεῖ
534 3027 760 3111 διεχρήσαντο.
815 3102 817 3106 ,
839 3013 845 3023 ⁸

83 3152 100 3200 4
185 3135 294 3217 <153>
319 3133 363 3210 ῶς
386 3128 423 3197 δὲ
445 3133 484 3196 τά
507 3129 582 3217 περὶ
605 3133 666 3216 την
686 3138 856 3204 Γοθολίαν
878 3147 998 3205 τοῦτον
1020 3140 1136 3229 ἐστρα-

118 3243 248 3323 τηγήθη
266 3240 326 3303 τὸν
344 3241 478 3323 τρόπον,
501 3237 704 3320 συγκαλέσας
726 3247 785 3309 τόν
803 3268 838 3309 τε
857 3245 964 3330 δῆμον
981 3246 1037 3311 καὶ
1056 3254 1137 3328 τοὺς

118 3343 254 3421 ὁπλίτας
280 3341 412 3421 Ἰώδαος
443 3345 490 3420 είς
518 3346 556 3409 τὸ
588 3346 679 3431 ίερὸν
709 3346 898 3434 ἐξώρκωσεν
927 3350 1058 3419 εὐνοεῖν
1088 3367 1135 3444 τῷ
1149 3370 1174 3411 ³⁰

190 3469 205 3528 ς
222 3469 272 3519 149
293 3491 325 3511 =
345 3464 443 3533 εἷλες.
459 3465 497 3519 XI
513 3471 559 3533 123
579 3467 700 3523 2Paral.
716 3468 806 3522 XXIII
822 3475 863 3527 11.
