2400 3840
494 135 646 185 EBAOMH
1034 136 1079 200 95

56 295 235 378 προφήτου
257 297 509 380 χειροτονηθείη
531 291 586 359 καὶ
609 296 725 371 παῖδες
743 294 857 378 αὐτοῦ,
880 293 934 360 καὶ
953 296 999 373 ῶς
1016 297 1078 380 τήν

53 397 220 485 Ἑβραίων
246 401 358 486 χῶραν
381 401 471 488 αὐτῷ
496 413 600 466 σῶσαι
627 399 925 488 καταγωνισαμένῳ
950 406 1077 467 Παλαι-

57 508 193 583 στινοός
212 504 357 573 δέδωκεν
375 508 393 573 ὁ
410 511 500 591 θεός,
520 507 762 592 ἐμφανίζοντες.
799 509 886 592 <54>
907 507 924 573 ὁ
944 504 982 572 δὲ
1000 509 1077 572 ταύ-

55 635 116 695 της
143 610 173 677 τ’
203 611 396 698 ἀποδέχεται
424 623 482 698 τῆς
508 618 701 700 προθυμίας
728 615 864 698 αύτούς,
891 612 946 679 καὶ
972 637 1077 700 παρα-

27 715 198 795 οκαλέσας
225 719 395 804 διαμένειν
418 718 474 807 (οὐ
501 722 565 805 γάρ
594 723 729 786 ἔσεσθαι
758 722 936 805 μετάνοιαν
963 721 1077 797 αὐτοῖς

56 823 94 889 ἐκ
116 834 178 890 τοῦ
200 827 373 903 τοιούτους
396 821 512 912 εἶναι),
539 829 769 911 κατευωχήσας
790 825 846 892 καὶ
869 833 1076 912 φιλοφρονη-

57 930 209 1015 σάμενος,
233 933 356 1016 ἔπεμψε
378 933 438 996 τὸν
457 934 540 997 λαὸν
560 929 640 1016 παρ’·
659 931 761 997 αὐτὸν
780 931 919 1010 ἄξοντας
938 935 1076 999 άπαντα.

56 1036 145 1120 <55>
168 1034 224 1101 καὶ
247 1043 422 1122 συνῆλθον
445 1037 480 1102 ἐκ
503 1034 565 1123 μὲν
587 1046 647 1121 τῆς
666 1036 775 1102 Ἰούδα
798 1045 907 1123 φυλῆς
930 1041 1077 1107 ὁπλιτῶν

57 1143 103 1219 ὡς
122 1143 309 1209 ὀκτακόσιοι
327 1143 382 1209 καί
401 1142 623 1229 ἑξακισχίλιοι,
643 1152 827 1231 φοροῦντες
845 1147 930 1211 ὅπλα
948 1148 1078 1233 θυρεὸν

15 1271 42 1310 ιο
55 1246 112 1313 καὶ
127 1250 347 1335 σειρομάστην
361 1245 468 1337 (οὗτοι
483 1247 521 1316 δὲ
534 1260 579 1339 τῷ
594 1253 753 1317 Σαούλου
766 1249 861 1316 παιδί
875 1251 1075 1337 παρέμενον·

54 1357 186 1420 τούτων
204 1357 266 1442 γάρ
285 1355 386 1442 χωρίς
403 1357 423 1441 ή
439 1355 549 1423 Ἱούδα
567 1358 657 1442 φυλή
676 1359 736 1424 τὸν
752 1359 908 1441 Δαυίδην
927 1356 1077 1435 ἀπέδειξε

55 1460 220 1546 βασιλέα)
243 1463 331 1546 <56>
356 1462 391 1528 ἐκ
415 1460 452 1527 δὲ
474 1472 533 1549 τῆς
554 1469 736 1549 Συμεῶνος
759 1470 868 1548 φυλῆς
891 1461 1076 1548 ἑπτακισχί-

55 1573 123 1632 λιοι
136 1565 193 1632 καὶ
207 1566 334 1652 έκατόν,
351 1567 386 1635 ἐκ
401 1566 438 1633 δὲ
451 1578 510 1653 τῆς
523 1572 700 1646 Λευίτιδος
713 1574 965 1656 τετρακισχίλιοι
981 1567 1075 1635 ἕπτα-

53 1675 179 1756 κόσιοι,
212 1676 343 1757 ἔχοντες
374 1677 519 1761 ἀρχοντα
544 1673 711 1759 Ἰώδαμον.
761 1669 849 1761 μετά
873 1676 1004 1752 τούτοις
1032 1671 1076 1758 ῆν

18 1780 73 1845 1τὸ
98 1779 271 1866 ἀρχιερεὺς
295 1782 451 1858 Ζάδωκος
474 1785 538 1846 σὺν
565 1788 669 1847 εἴκοσι
697 1783 758 1847 δύο
783 1779 978 1864 συγγενέσιν
1000 1780 1076 1861 ῆγε-

55 1888 164 1971 μόσιν.
212 1885 246 1951 ἐκ
275 1884 312 1952 δὲ
338 1897 397 1971 τῆς
420 1889 654 1971 Βενιαμίτιδος
676 1892 786 1972 φυλῆς
809 1888 940 1953 ὁπλίται
963 1909 1075 1972 τετρα-

54 1996 213 2076 κισχίλιοι
237 1991 270 2079 (ἡ
293 1995 357 2080 γάρ
381 1994 471 2078 φυλή
495 1992 689 2079 περιέμενεν
712 1996 759 2058 έτι
782 2004 850 2058 τῶν
872 2001 933 2057 τοῦ
956 1991 1076 2074 γένους

55 2108 116 2163 τοῦ
140 2100 298 2164 Σαούλου
321 2101 396 2165 τινὰ
419 2101 631 2185 βασιλεύσειν
653 2097 900 2186 προσδοκῶσα),
927 2095 1015 2181 <57>
1039 2097 1075 2162 ἐκ

55 2200 93 2267 δδ
117 2212 176 2287 τῆς
192 2201 376 2290 Ἐφραίμου
399 2212 509 2290 φυλῆς
532 2208 701 2292 δισμύριοι
722 2203 777 2271 καὶ
796 2206 983 2272 ὀκτακόσιοι
1006 2216 1076 2269 τῶν

16 2327 42 2368 ιο
57 2310 299 2375 δυνατωτάτων
324 2309 379 2376 καὶ
402 2311 474 2378 κατ’
501 2315 598 2397 ίσχὺν
621 2315 865 2400 διαφερόντων,
894 2312 929 2377 ἐκ
957 2309 994 2376 δδ
1017 2321 1076 2394 τῆς

55 2417 317 2498 Μανασσήτιδος
339 2425 448 2503 φυλῆς
465 2428 525 2485 τοῦ
543 2419 683 2504 ῆμίσους
701 2421 814 2505 μύριοι
838 2420 1074 2502 ὀκτακισχίλιοι

55 2532 124 2586 τῶν
143 2523 393 2607 δυνατωτάτων,
413 2524 448 2589 ἐκ
467 2522 505 2590 δὲ
522 2533 581 2608 τῆς
596 2523 768 2611 Ἰσαχάρον
786 2530 896 2608 φυλῆς
910 2525 1074 2588 διακόσιοι

56 2624 118 2710 μὲν
137 2629 173 2692 οί
188 2630 474 2714 προγινώσκοντες
491 2633 531 2695 τά
549 2629 722 2714 μέλλοντα,
746 2630 878 2694 ὁπλῖται
902 2625 939 2692 δὲ
958 2628 1075 2710 δισμύ-

56 2757 136 2818 ριοι,
159 2735 247 2818 <58>
271 2735 306 2800 ἐκ
329 2733 366 2800 δέ
388 2745 448 2820 τῆς
467 2739 688 2821 Ζαβονλῶνος
710 2740 819 2819 φυλῆς
838 2734 984 2799 ὁπλιτῶν
1006 2731 1075 2796 έπι-

16 2858 42 2897 2⁵
56 2840 183 2906 λέκτων
205 2840 310 2907 πέντε.
326 2843 498 2928 μυριάδες·
526 2841 609 2924 αὕτη
632 2842 695 2928 γάρ
719 2840 739 2923 ή
763 2840 853 2925 φυλή
879 2841 964 2922 μόνη
987 2846 1075 2903 πᾶσα

55 2949 140 3031 πρὸς
153 2949 310 3030 Δαυίδην
328 2953 508 3030 συνῆλθεν.
544 2942 637 3013 οὗτοι
655 2949 776 3024 πάντες
790 2947 850 3012 τὸν
864 2946 966 3010 αὐτὸν
983 2945 1075 3010 ὁπλι-

56 3055 143 3138 σμὸν
167 3048 258 3138 είχον
275 3066 346 3131 τοῖς
364 3063 423 3137 τῆς
443 3055 556 3119 Γάδου
578 3061 696 3139 φυλῆς.
743 3054 778 3119 ἐκ
800 3050 838 3118 δὲ
855 3062 914 3136 τῆς
934 3055 1074 3133 Νεφθα-

55 3160 183 3235 λίτιδος
215 3166 325 3244 φυλῆς
357 3159 510 3244 ἐπίσημοι
541 3159 596 3225 καὶ
623 3160 783 3244 ἡγεμόνες
811 3163 927 3243 χίλιοι,
961 3157 1078 3231 ὅπλοις

53 3267 220 3351 χρώμενοι
253 3273 367 3354 θυρεῷ
399 3264 454 3331 καὶ
487 3268 616 3352 δόρατι·
653 3266 833 3348 ῆκολούθει
865 3262 896 3328 δ’
930 3261 951 3344 ῆ
985 3261 1077 3345 φυλή

13 3388 41 3428 8⁰
55 3371 287 3457 ἀναρίθμητος
309 3365 402 3435 οὖσα.
449 3370 535 3454 <59>
560 3369 595 3434 ἐκ
619 3367 656 3434 δδ
678 3379 737 3453 τῆς
759 3368 940 3442 Δανίτιδος
966 3371 1076 3450 φυλῆς

132 3495 147 3554 ξ
168 3495 201 3542 54
221 3515 255 3535 =
274 3494 290 3542 2
310 3490 378 3557 Reg.
398 3489 422 3544 V
442 3493 466 3541 3.
540 3494 555 3554 ξ
576 3494 684 3546 55-58
703 3516 739 3538 =
757 3487 962 3544 mamm
970 3487 1103 3539 θέε-Ἃ.
