2400 3840
553 177 675 228 ENATH
1055 177 1121 242 309

104 335 235 414 Φακέας
259 337 276 403 6
300 348 368 402 τῶν
388 335 599 423 Ἰσραηλιτῶν
622 335 730 422 (φίλοι
749 339 812 423 γάρ
831 332 941 422 ήσαν),
963 335 1019 402 καὶ
1042 354 1121 404 συν-

101 444 280 521 ελάσαντες
294 445 397 510 αὐτὸν
413 445 460 520 είς
475 441 686 529 Ἱεροσόλυμα
705 442 759 510 ἐπὶ
777 446 885 510 πολὺν
904 443 1121 530 ἐπολιόρκουν

99 554 236 634 χρόνον,
255 552 311 616 διδι
328 551 390 633 τήν
408 561 476 616 τῶν
494 561 613 634 τειχῶν
629 551 812 635 ὀχυρότητα
830 547 935 636 μηδὲν
954 550 1120 627 ἀνύοντες.

99 657 213 740 <245>
236 657 254 723 6
278 652 315 721 δὲ
337 667 406 721 τῶν
428 658 554 742 Σύρων
576 658 732 741 βασιλεὺς
755 657 867 741 λαβὼν
891 657 954 740 τήν
976 658 1059 743 πρὸς
1080 665 1120 742 τή

67 762 248 850 εἘρυθρᾷ
275 763 424 848 θαλάττῃ
446 765 546 829 πόλιν
568 763 698 847 Αίλάθ,
724 760 780 827 καὶ
808 765 886 840 τοῦς
910 761 1121 840 ἐνοικοῦντας

101 870 309 954 ἀποκτείνας,
333 867 550 958 ἐγκατῴκισεν
569 870 651 954 αὐτή
670 870 819 954 Σύρους·
842 872 921 946 τοὺς
939 868 969 934 δ’
992 868 1029 934 ἐν
1051 880 1121 946 τοῖς

101 965 280 1060 φρουρίοις
299 976 421 1060 ὁμοίως
438 973 494 1041 καὶ
512 977 590 1052 τούς
608 975 702 1060 πέριξ
718 974 901 1054 Ἰουδαίους
920 979 1121 1062 διαφθείρας

99 1079 158 1146 καὶ
187 1085 280 1146 λείαν
306 1083 434 1166 πολλήν
466 1082 631 1169 ἀπελάσας
663 1085 710 1158 είς
737 1085 920 1167 Δαμασκὸν
951 1085 1031 1168 μετὰ
1063 1093 1121 1167 τής

102 1196 259 1272 στρατιᾶς
281 1187 460 1267 ἀνέζευξεν.
501 1189 609 1272 <246>
629 1187 646 1253 6
666 1184 704 1252 δέ
722 1199 789 1254 τῶν
803 1187 1041 1276 Ἱεροσολύμων
1063 1194 1121 1273 βα-

54 1325 84 1365 10
101 1296 215 1370 σιλεύς
236 1297 339 1376 γνοὺς
361 1297 440 1371 τούς
460 1295 596 1380 Σύρους
619 1292 669 1360 ἐπ’
691 1301 785 1360 οίκου
808 1299 1043 1382 κεχωρηκότας,
1065 1293 1121 1360 καὶ

100 1403 242 1484 νομίσας
268 1399 444 1486 ἀξιόμαχος
472 1395 557 1466 εἶναι
584 1411 629 1490 τῷ
655 1412 722 1466 τῶν
742 1400 953 1487 Ἰσραηλιτῶν
981 1406 1121 1485 βασιλεῖ,

100 1507 164 1589 τήν
183 1507 327 1591 δύναμιν
345 1504 395 1572 ἐπ’
417 1507 520 1573 αὐτὸν
539 1506 685 1592 ἐξήγαγε,
708 1506 764 1573 καὶ
783 1509 962 1593 συμβαλὼν
981 1506 1120 1591 ἐνικήθη

100 1614 185 1677 κατδι
208 1621 310 1697 μήνιν
332 1621 392 1679 τοῦ
414 1619 515 1696 θεοῦ,
542 1612 585 1696 ήν
613 1612 665 1679 ἐπὶ
688 1625 759 1691 τοῖς
786 1615 990 1700 ἀσεβήμασιν
1017 1614 1121 1680 αὐτοῦ

100 1724 239 1796 πολλοῖς
272 1719 338 1803 ἀμα
367 1716 422 1783 καί
450 1719 604 1804 μεγάλοις
632 1713 706 1802 εἶχε.
753 1720 871 1802 <247>
900 1721 1028 1784 δώδεκα
1057 1721 1120 1804 γάρ

59 1855 84 1896 15
100 1825 206 1889 αὐτοῦ
243 1823 403 1910 μυριάδες
436 1820 506 1887 κατ’
543 1821 674 1906 ἐκείνην
705 1824 767 1906 τήν
797 1822 924 1909 ἡμέραν
956 1825 1021 1890 ὑπὸ
1053 1836 1121 1890 τῶν

97 1934 313 2015 Ἰσραηλιτῶν
333 1928 558 2016 ἀνῃρέθησαν,
582 1924 630 1994 ὧν
653 1929 670 1995 ὁ
694 1931 875 2014 στρατηγὸς
896 1930 1040 2015 Ζάχαρις
1062 1933 1122 1996 τὸν

101 2039 180 2103 υίὸν
203 2036 395 2102 ἀπέκτεινεν
419 2034 456 2101 ἐν
478 2043 517 2121 τή
542 2040 690 2120 συμβολῇ
714 2044 774 2100 τοῦ
797 2033 958 2120 βασιλέως
975 2032 1120 2120 Ἀχάζου,

98 2142 258 2227 Ἀμασίαν
272 2146 388 2227 ὄνομα,
404 2140 533 2207 καὶτὸν
548 2141 726 2228 ἐπίτροπον
739 2150 798 2226 τής
811 2145 980 2227 βασιλείας
994 2141 1121 2224 ἁπάσης

98 2247 247 2334 Ἐρικάν,
274 2248 329 2315 καί
356 2252 416 2315 τὸν
443 2257 502 2332 τῆς
526 2246 635 2315 Ἰούδα
662 2255 772 2333 φυλῆς
799 2252 983 2336 στρατηγὸν
1003 2247 1121 2315 Έλκδιν

60 2378 87 2419 εο
101 2356 311 2441 αἰχμάλωτον
343 2358 450 2439 έλαβε.
504 2354 559 2422 καὶ
592 2356 628 2422 ἐκ
659 2365 718 2440 τῆς
749 2359 981 2442 Βενιαμίτιδος
1012 2362 1122 2442 φυλῆς

101 2474 263 2544 γυναῖκας
280 2461 336 2528 καὶ
354 2464 476 2539 παῖδας
495 2462 677 2546 ἀπήγαγον,
695 2460 751 2528 καὶ
769 2464 898 2546 πολλήν
915 2467 1009 2530 λείαν
1028 2465 1120 2548 διαρ-

101 2569 265 2645 πάσαντες
287 2568 480 2654 ἀνεχώρουν
505 2570 553 2646 είς
575 2568 779 2652 Σαμάρειαν.

169 2677 278 2758 <248>
297 2673 437 2758 Ὠδηδὰς
461 2672 501 2738 δέ
521 2697 586 2756 τις,
609 2673 646 2750 ὃς
668 2669 739 2736 κατ’
768 2670 874 2736 ἐκεῖνο
897 2681 1016 2757 καιροῦ
1039 2689 1154 2756 προ-2

102 2782 209 2864 φήτης
230 2781 378 2867 ὑπήρχεν
401 2781 438 2847 ἐν
457 2782 641 2866 Σαμαρείᾳ,
664 2787 709 2866 τῷ
733 2787 861 2866 στρατῷ
883 2780 948 2862 πρὸ
966 2787 1034 2842 τῶν
1055 2801 1120 2842 τει-

58 2908 85 2948 25
100 2897 171 2970 χῶν
198 2887 388 2969 ἀπαντήσας
410 2887 535 2972 μεγάλη
563 2889 624 2970 βοή
652 2884 714 2967 τήν
741 2889 839 2967 νίκην
863 2883 976 2959 αὐτοῖς
1000 2882 1040 2946 ού
1064 2883 1120 2947 διὰ

96 2993 163 3083 τήν
186 2995 312 3059 οίκείαν
336 2994 447 3058 αὐτῶν
470 2994 567 3078 ίσχὺν
591 2989 712 3074 ἐδήλου
735 2989 905 3074 γενέσθαι,
928 2990 984 3054 διδι
1006 2985 1043 3053 δέ
1061 2991 1120 3054 τὸν

99 3107 161 3163 τοῦ
193 3105 278 3165 θεοῦ
310 3102 427 3183 χόλον,
460 3098 500 3164 ὃν
528 3092 616 3182 εἶχεν
644 3095 694 3162 ἐπ’
722 3095 857 3182 Ἀχάζην
887 3098 947 3162 τὸν
974 3093 1120 3180 βασιλέα.

100 3206 211 3287 <249>
230 3203 286 3270 καὶ
304 3203 528 3289 κατεμέμφετο
547 3213 586 3288 τῇ
605 3199 667 3286 μὲν
686 3203 849 3290 εὐπραγία
866 3212 905 3288 τή
924 3199 995 3266 κατ’
1018 3202 1120 3266 αὐτοῦ

100 3310 144 3394 μή
169 3309 403 3396 ἀρκεσθέντας,
427 3311 510 3376 ἀλλδι
533 3311 760 3394 τολμήσαντας
783 3312 862 3386 τοὺς
881 3307 916 3373 ἐκ
938 3317 997 3393 τής
1012 3306 1121 3372 Ἰούδα

55 3434 84 3475 ³0
101 3422 212 3501 φυλής
234 3415 290 3482 καὶ
312 3426 371 3501 τής
389 3417 622 3500 Βενιαμίτιδος
645 3427 818 3497 συγγενεῖς
840 3418 939 3492 όντας
957 3417 1122 3500 αίχμαλω-

173 3543 256 3605 §245
272 3565 306 3584 =
320 3544 338 3592 4
351 3538 420 3607 νιος.
435 3537 501 3594 XVI
515 3544 539 3597 ο.
615 3543 700 3606 ςειε
720 3564 756 3585 =
774 3534 1096 3592 ‘2966me-
