<?xml version="1.0" encoding="UTF-8"?>
<!DOCTYPE html PUBLIC "-//W3C//DTD XHTML 1.0 Transitional//EN"
    "http://www.w3.org/TR/xhtml1/DTD/xhtml1-transitional.dtd">
<html xmlns="http://www.w3.org/1999/xhtml" xml:lang="en" lang="en">
 <head>
  <title>
</title>
<meta http-equiv="Content-Type" content="text/html;charset=utf-8" />
  <meta name='ocr-system' content='tesseract 3.04.00' />
  <meta name='ocr-capabilities' content='ocr_page ocr_carea ocr_par ocr_line ocrx_word'/>
</head>
<body>
  <div class='ocr_page' id='page_1' title='image "./operaomniaposti03nabegoog_0087.png"; bbox 0 0 2400 3840; ppageno 0'>
   <div class='ocr_carea' id='block_1_1' title="bbox 544 134 1104 201">
    <p class='ocr_par' dir='ltr' id='par_1_1' title="bbox 544 134 1104 201">
     <span class='ocr_line' id='line_1_1' title="bbox 544 134 1104 201; baseline -0.009 -18"><span class='ocrx_word' id='word_1_1' title='bbox 544 134 641 183; x_wconf 78' lang='grc' dir='ltr'><strong><em>εΚΤΗ</em></strong></span> <span class='ocrx_word' id='word_1_2' title='bbox 1061 137 1104 201; x_wconf 85' lang='lat'><strong><em>35</em></strong></span> 
     </span>
    </p>
   </div>
   <div class='ocr_carea' id='block_1_2' title="bbox 36 287 1138 3034">
    <p class='ocr_par' dir='ltr' id='par_1_2' title="bbox 36 287 1138 3034">
     <span class='ocr_line' id='line_1_2' title="bbox 84 287 1104 378; baseline 0.01 -25"><span class='ocrx_word' id='word_1_3' title='bbox 84 287 229 376; x_wconf 90' lang='grc' dir='ltr'><strong><em>μητέρα.’</em></strong></span> <span class='ocrx_word' id='word_1_4' title='bbox 252 289 308 355; x_wconf 85' lang='grc' dir='ltr'><strong><em>καὶ</em></strong></span> <span class='ocrx_word' id='word_1_5' title='bbox 319 292 446 357; x_wconf 78' lang='grc' dir='ltr'><strong><em>κελεύει</em></strong></span> <span class='ocrx_word' id='word_1_6' title='bbox 457 302 655 378; x_wconf 78' lang='grc' dir='ltr'><strong><em>παραχρῆμα</em></strong></span> <span class='ocrx_word' id='word_1_7' title='bbox 666 293 770 358; x_wconf 89' lang='grc' dir='ltr'><strong><em>αὐτὸν</em></strong></span> <span class='ocrx_word' id='word_1_8' title='bbox 780 291 817 358; x_wconf 86' lang='grc' dir='ltr'><strong><em>έν</em></strong></span> <span class='ocrx_word' id='word_1_9' title='bbox 827 296 1011 376; x_wconf 79' lang='grc' dir='ltr'><em>Γαλγάλοις</em></span> <span class='ocrx_word' id='word_1_10' title='bbox 1025 297 1104 363; x_wconf 88' lang='grc' dir='ltr'><strong><em>ἀπο-</em></strong></span> 
     </span>
     <span class='ocr_line' id='line_1_3' title="bbox 82 394 1103 484; baseline 0.006 -23"><span class='ocrx_word' id='word_1_11' title='bbox 82 403 215 480; x_wconf 80' lang='grc' dir='ltr'><strong><em>θανεῖν,</em></strong></span> <span class='ocrx_word' id='word_1_12' title='bbox 238 394 294 461; x_wconf 87' lang='grc' dir='ltr'><strong><em>καὶ</em></strong></span> <span class='ocrx_word' id='word_1_13' title='bbox 312 398 412 474; x_wconf 83' lang='grc' dir='ltr'><strong><em>αὐτὸς</em></strong></span> <span class='ocrx_word' id='word_1_14' title='bbox 430 396 461 462; x_wconf 79' lang='grc' dir='ltr'><strong><em>δ’</em></strong></span> <span class='ocrx_word' id='word_1_15' title='bbox 483 401 530 475; x_wconf 90' lang='grc' dir='ltr'><strong><em>είς</em></strong></span> <span class='ocrx_word' id='word_1_16' title='bbox 546 397 717 484; x_wconf 85' lang='grc' dir='ltr'><strong><em>Ἀρμαθάν</em></strong></span> <span class='ocrx_word' id='word_1_17' title='bbox 737 402 837 464; x_wconf 86' lang='grc' dir='ltr'><strong><em>πόλιν</em></strong></span> <span class='ocrx_word' id='word_1_18' title='bbox 857 399 1103 467; x_wconf 73' lang='grc' dir='ltr'><strong><em>ἀπαλλάττεται.</em></strong></span> 
     </span>
     <span class='ocr_line' id='line_1_4' title="bbox 149 502 1138 589; baseline 0.006 -21"><span class='ocrx_word' id='word_1_19' title='bbox 149 502 261 587; x_wconf 83' lang='grc'>&lt;156&gt;</span> <span class='ocrx_word' id='word_1_20' title='bbox 284 504 439 581; x_wconf 79' lang='grc' dir='ltr'><strong><em>Σάουλος</em></strong></span> <span class='ocrx_word' id='word_1_21' title='bbox 461 503 492 568; x_wconf 79' lang='grc' dir='ltr'><strong><em>δ’</em></strong></span> <span class='ocrx_word' id='word_1_22' title='bbox 514 505 532 570; x_wconf 87' lang='grc' dir='ltr'>ὁ</span> <span class='ocrx_word' id='word_1_23' title='bbox 556 508 712 589; x_wconf 86' lang='grc' dir='ltr'><strong><em>βασιλεὺς</em></strong></span> <span class='ocrx_word' id='word_1_24' title='bbox 735 507 938 589; x_wconf 79' lang='grc' dir='ltr'><strong><em>αἰσθόμενος</em></strong></span> <span class='ocrx_word' id='word_1_25' title='bbox 961 502 1009 571; x_wconf 82' lang='grc' dir='ltr'><strong><em>ὧν</em></strong></span> <span class='ocrx_word' id='word_1_26' title='bbox 1032 507 1138 588; x_wconf 76' lang='grc' dir='ltr'><strong><em>(ἀν)8</em></strong></span> 
     </span>
     <span class='ocr_line' id='line_1_5' title="bbox 82 609 1103 699; baseline 0.003 -26"><span class='ocrx_word' id='word_1_27' title='bbox 82 613 260 692; x_wconf 83' lang='grc' dir='ltr'><strong><em>πειραθείη</em></strong></span> <span class='ocrx_word' id='word_1_28' title='bbox 283 621 394 675; x_wconf 84' lang='grc' dir='ltr'><strong><em>κακῶν</em></strong></span> <span class='ocrx_word' id='word_1_29' title='bbox 418 609 542 696; x_wconf 86' lang='grc' dir='ltr'><strong><em>έχθρὸν</em></strong></span> <span class='ocrx_word' id='word_1_30' title='bbox 560 612 649 699; x_wconf 75' lang='grc' dir='ltr'><strong><em>αὐτῷ</em></strong></span> <span class='ocrx_word' id='word_1_31' title='bbox 667 613 728 676; x_wconf 91' lang='grc' dir='ltr'><strong><em>τὸν</em></strong></span> <span class='ocrx_word' id='word_1_32' title='bbox 745 613 830 676; x_wconf 88' lang='grc' dir='ltr'><strong><em>θεὸν</em></strong></span> <span class='ocrx_word' id='word_1_33' title='bbox 847 612 1103 696; x_wconf 76' lang='grc' dir='ltr'><strong><em>κατασκευάσας,</em></strong></span> 
     </span>
     <span class='ocr_line' id='line_1_6' title="bbox 56 713 1103 802; baseline 0.006 -24"><span class='ocrx_word' id='word_1_34' title='bbox 56 717 132 790; x_wconf 83' lang='grc' dir='ltr'><strong><em>εείς</em></strong></span> <span class='ocrx_word' id='word_1_35' title='bbox 154 717 192 780; x_wconf 91' lang='grc' dir='ltr'><strong><em>τὸ</em></strong></span> <span class='ocrx_word' id='word_1_36' title='bbox 216 718 387 799; x_wconf 92' lang='grc' dir='ltr'><strong><em>βασίλειον</em></strong></span> <span class='ocrx_word' id='word_1_37' title='bbox 410 715 583 800; x_wconf 83' lang='grc' dir='ltr'><strong><em>ἀναβαίνει</em></strong></span> <span class='ocrx_word' id='word_1_38' title='bbox 608 720 700 800; x_wconf 82' lang='grc' dir='ltr'><strong><em>Γαβᾶ</em></strong></span> <span class='ocrx_word' id='word_1_39' title='bbox 724 716 893 802; x_wconf 76' lang='grc' dir='ltr'><strong><em>(σημαίνει</em></strong></span> <span class='ocrx_word' id='word_1_40' title='bbox 916 713 954 782; x_wconf 69' lang='grc' dir='ltr'><strong><em>δὲ</em></strong></span> <span class='ocrx_word' id='word_1_41' title='bbox 976 721 1103 802; x_wconf 90' lang='grc' dir='ltr'><strong><em>βουνὸν</em></strong></span> 
     </span>
     <span class='ocr_line' id='line_1_7' title="bbox 83 819 1103 911; baseline 0.003 -25"><span class='ocrx_word' id='word_1_42' title='bbox 83 819 351 907; x_wconf 80' lang='grc' dir='ltr'><strong><em>ἑρμηνευόμενον</em></strong></span> <span class='ocrx_word' id='word_1_43' title='bbox 372 821 551 911; x_wconf 81' lang='grc' dir='ltr'><strong><em>τοῦνομα),</em></strong></span> <span class='ocrx_word' id='word_1_44' title='bbox 580 821 636 888; x_wconf 82' lang='grc' dir='ltr'><strong><em>καὶ</em></strong></span> <span class='ocrx_word' id='word_1_45' title='bbox 659 821 728 906; x_wconf 88' lang='grc' dir='ltr'><strong><em>μετ’</em></strong></span> <span class='ocrx_word' id='word_1_46' title='bbox 755 821 886 906; x_wconf 86' lang='grc' dir='ltr'><strong><em>έκείνην</em></strong></span> <span class='ocrx_word' id='word_1_47' title='bbox 908 822 1018 889; x_wconf 89' lang='grc' dir='ltr'><strong><em>οὐκέτι</em></strong></span> <span class='ocrx_word' id='word_1_48' title='bbox 1042 825 1103 908; x_wconf 83' lang='grc' dir='ltr'><strong><em>τήν</em></strong></span> 
     </span>
     <span class='ocr_line' id='line_1_8' title="bbox 81 926 1102 1021; baseline 0.003 -29"><span class='ocrx_word' id='word_1_49' title='bbox 81 926 210 1014; x_wconf 75' lang='grc' dir='ltr'><strong><em>ἡμέραν</em></strong></span> <span class='ocrx_word' id='word_1_50' title='bbox 224 931 272 1006; x_wconf 88' lang='grc' dir='ltr'><strong><em>είς</em></strong></span> <span class='ocrx_word' id='word_1_51' title='bbox 285 932 366 1006; x_wconf 80' lang='grc' dir='ltr'><strong><em>ὐύιν</em></strong></span> <span class='ocrx_word' id='word_1_52' title='bbox 380 932 508 1015; x_wconf 81' lang='grc' dir='ltr'><strong><em>ἔρχεται</em></strong></span> <span class='ocrx_word' id='word_1_53' title='bbox 527 939 572 1018; x_wconf 71' lang='grc' dir='ltr'><strong><em>τῷ</em></strong></span> <span class='ocrx_word' id='word_1_54' title='bbox 588 931 751 1015; x_wconf 79' lang='grc' dir='ltr'><strong><em>προφήτῃ.</em></strong></span> <span class='ocrx_word' id='word_1_55' title='bbox 789 930 898 1014; x_wconf 78' lang='grc'>&lt;157&gt;</span> <span class='ocrx_word' id='word_1_56' title='bbox 913 932 1102 1021; x_wconf 76' lang='grc' dir='ltr'><strong><em>Σαμουήλῳ</em></strong></span> 
     </span>
     <span class='ocr_line' id='line_1_9' title="bbox 82 1031 1102 1124; baseline 0.006 -26"><span class='ocrx_word' id='word_1_57' title='bbox 82 1031 120 1099; x_wconf 72' lang='grc' dir='ltr'><strong><em>δέ</em></strong></span> <span class='ocrx_word' id='word_1_58' title='bbox 142 1034 342 1124; x_wconf 77' lang='grc' dir='ltr'><strong><em>λυπουμένῳ</em></strong></span> <span class='ocrx_word' id='word_1_59' title='bbox 369 1033 446 1122; x_wconf 88' lang='grc' dir='ltr'><strong><em>περὶ</em></strong></span> <span class='ocrx_word' id='word_1_60' title='bbox 473 1036 578 1101; x_wconf 88' lang='grc' dir='ltr'><strong><em>αὐτοῦ</em></strong></span> <span class='ocrx_word' id='word_1_61' title='bbox 604 1037 799 1101; x_wconf 87' lang='grc' dir='ltr'><strong><em>παύσασθαι</em></strong></span> <span class='ocrx_word' id='word_1_62' title='bbox 826 1032 888 1119; x_wconf 71' lang='grc' dir='ltr'><strong><em>μὲν</em></strong></span> <span class='ocrx_word' id='word_1_63' title='bbox 916 1046 976 1120; x_wconf 85' lang='grc' dir='ltr'><strong><em>τής</em></strong></span> <span class='ocrx_word' id='word_1_64' title='bbox 998 1061 1102 1123; x_wconf 92' lang='grc' dir='ltr'><strong><em>φρον-</em></strong></span> 
     </span>
     <span class='ocr_line' id='line_1_10' title="bbox 81 1139 1102 1226; baseline 0.004 -21"><span class='ocrx_word' id='word_1_65' title='bbox 81 1143 174 1218; x_wconf 76' lang='grc' dir='ltr'><strong><em>τίδος</em></strong></span> <span class='ocrx_word' id='word_1_66' title='bbox 201 1140 374 1207; x_wconf 75' lang='grc' dir='ltr'><strong><em>ἐκέλευσεν</em></strong></span> <span class='ocrx_word' id='word_1_67' title='bbox 401 1143 419 1209; x_wconf 89' lang='grc' dir='ltr'>ὁ</span> <span class='ocrx_word' id='word_1_68' title='bbox 442 1145 537 1225; x_wconf 88' lang='grc' dir='ltr'><strong><em>θεός,</em></strong></span> <span class='ocrx_word' id='word_1_69' title='bbox 568 1145 704 1226; x_wconf 85' lang='grc' dir='ltr'><strong><em>λαβόντι</em></strong></span> <span class='ocrx_word' id='word_1_70' title='bbox 732 1139 770 1207; x_wconf 74' lang='grc' dir='ltr'><strong><em>δέ</em></strong></span> <span class='ocrx_word' id='word_1_71' title='bbox 796 1143 840 1206; x_wconf 92' lang='grc' dir='ltr'><strong><em>τὸ·</em></strong></span> <span class='ocrx_word' id='word_1_72' title='bbox 863 1143 961 1225; x_wconf 81' lang='grc' dir='ltr'><strong><em>ἀγιον</em></strong></span> <span class='ocrx_word' id='word_1_73' title='bbox 988 1146 1102 1210; x_wconf 79' lang='grc' dir='ltr'><strong><em>ἔλαιον</em></strong></span> 
     </span>
     <span class='ocr_line' id='line_1_11' title="bbox 46 1246 1102 1334; baseline 0.003 -22"><span class='ocrx_word' id='word_1_74' title='bbox 46 1267 70 1306; x_wconf 79' lang='lat'><strong><em>10</em></strong></span> <span class='ocrx_word' id='word_1_75' title='bbox 83 1250 130 1325; x_wconf 88' lang='grc' dir='ltr'><strong><em>είς</em></strong></span> <span class='ocrx_word' id='word_1_76' title='bbox 156 1248 356 1332; x_wconf 74' lang='grc' dir='ltr'><strong><em>Βηθλεέμην</em></strong></span> <span class='ocrx_word' id='word_1_77' title='bbox 383 1248 545 1315; x_wconf 78' lang='grc' dir='ltr'><strong><em>ἀπελθεῖν</em></strong></span> <span class='ocrx_word' id='word_1_78' title='bbox 576 1251 677 1314; x_wconf 86' lang='grc' dir='ltr'><strong><em>πόλιν</em></strong></span> <span class='ocrx_word' id='word_1_79' title='bbox 703 1250 786 1334; x_wconf 86' lang='grc' dir='ltr'><strong><em>πρὸς</em></strong></span> <span class='ocrx_word' id='word_1_80' title='bbox 811 1246 971 1314; x_wconf 79' lang='grc' dir='ltr'><strong><em>Ἰεσσαῖον</em></strong></span> <span class='ocrx_word' id='word_1_81' title='bbox 998 1253 1102 1315; x_wconf 76' lang='grc' dir='ltr'><strong><em>παῖδα</em></strong></span> 
     </span>
     <span class='ocr_line' id='line_1_12' title="bbox 79 1351 1101 1440; baseline 0.004 -23"><span class='ocrx_word' id='word_1_82' title='bbox 79 1351 232 1438; x_wconf 75' lang='grc' dir='ltr'><strong><em>Ὠβήδου,</em></strong></span> <span class='ocrx_word' id='word_1_83' title='bbox 254 1353 312 1419; x_wconf 82' lang='grc' dir='ltr'><strong><em>καὶ·</em></strong></span> <span class='ocrx_word' id='word_1_84' title='bbox 332 1367 444 1440; x_wconf 78' lang='grc' dir='ltr'><strong><em>χρῖσαι</em></strong></span> <span class='ocrx_word' id='word_1_85' title='bbox 463 1367 531 1420; x_wconf 83' lang='grc' dir='ltr'><strong><em>τῶν</em></strong></span> <span class='ocrx_word' id='word_1_86' title='bbox 549 1355 635 1419; x_wconf 84' lang='grc' dir='ltr'><strong><em>υίῦν</em></strong></span> <span class='ocrx_word' id='word_1_87' title='bbox 658 1354 761 1419; x_wconf 90' lang='grc' dir='ltr'><strong><em>αὐτοῦ</em></strong></span> <span class='ocrx_word' id='word_1_88' title='bbox 780 1354 821 1420; x_wconf 86' lang='grc' dir='ltr'><strong><em>ὃν</em></strong></span> <span class='ocrx_word' id='word_1_89' title='bbox 842 1353 885 1420; x_wconf 88' lang='grc' dir='ltr'><strong><em>ἀν</em></strong></span> <span class='ocrx_word' id='word_1_90' title='bbox 908 1355 1009 1432; x_wconf 89' lang='grc' dir='ltr'><strong><em>αὐτὸς</em></strong></span> <span class='ocrx_word' id='word_1_91' title='bbox 1032 1355 1101 1422; x_wconf 82' lang='grc' dir='ltr'><strong><em>ἐπι-</em></strong></span> 
     </span>
     <span class='ocr_line' id='line_1_13' title="bbox 81 1459 1101 1546; baseline 0.002 -21"><span class='ocrx_word' id='word_1_92' title='bbox 81 1460 171 1546; x_wconf 82' lang='grc' dir='ltr'><strong><em>δείξη</em></strong></span> <span class='ocrx_word' id='word_1_93' title='bbox 199 1460 337 1546; x_wconf 82' lang='grc' dir='ltr'><strong><em>βασιλέα</em></strong></span> <span class='ocrx_word' id='word_1_94' title='bbox 363 1464 596 1546; x_wconf 80' lang='grc' dir='ltr'><strong><em>γενησόμενον.</em></strong></span> <span class='ocrx_word' id='word_1_95' title='bbox 642 1461 660 1526; x_wconf 83' lang='grc' dir='ltr'>ὃ</span> <span class='ocrx_word' id='word_1_96' title='bbox 690 1459 720 1525; x_wconf 76' lang='grc' dir='ltr'><strong><em>θ’</em></strong></span> <span class='ocrx_word' id='word_1_97' title='bbox 747 1462 964 1545; x_wconf 74' lang='grc' dir='ltr'><strong><em>εὐλαβεῖσθαι</em></strong></span> <span class='ocrx_word' id='word_1_98' title='bbox 992 1463 1101 1546; x_wconf 81' lang='grc' dir='ltr'><strong><em>φήσας</em></strong></span> 
     </span>
     <span class='ocr_line' id='line_1_14' title="bbox 80 1565 1100 1652; baseline -0.001 -19"><span class='ocrx_word' id='word_1_99' title='bbox 80 1568 123 1651; x_wconf 87' lang='grc' dir='ltr'><strong><em>μή</em></strong></span> <span class='ocrx_word' id='word_1_100' title='bbox 146 1577 246 1633; x_wconf 86' lang='grc' dir='ltr'><strong><em>τοῦτο</em></strong></span> <span class='ocrx_word' id='word_1_101' title='bbox 270 1569 391 1652; x_wconf 85' lang='grc' dir='ltr'><strong><em>μαθὼν</em></strong></span> <span class='ocrx_word' id='word_1_102' title='bbox 413 1567 568 1645; x_wconf 84' lang='grc' dir='ltr'><strong><em>Σάουλος</em></strong></span> <span class='ocrx_word' id='word_1_103' title='bbox 590 1566 691 1652; x_wconf 81' lang='grc' dir='ltr'><strong><em>ἀνέλῃ</em></strong></span> <span class='ocrx_word' id='word_1_104' title='bbox 714 1569 856 1652; x_wconf 80' lang='grc' dir='ltr'><strong><em>λοχήσας</em></strong></span> <span class='ocrx_word' id='word_1_105' title='bbox 876 1568 979 1633; x_wconf 90' lang='grc' dir='ltr'><strong><em>αὐτὸν</em></strong></span> <span class='ocrx_word' id='word_1_106' title='bbox 1001 1566 1022 1651; x_wconf 86' lang='grc' dir='ltr'><strong><em>ή</em></strong></span> <span class='ocrx_word' id='word_1_107' title='bbox 1044 1565 1100 1633; x_wconf 78' lang='grc' dir='ltr'><strong><em>καί</em></strong></span> 
     </span>
     <span class='ocr_line' id='line_1_15' title="bbox 80 1672 1101 1758; baseline 0 -20"><span class='ocrx_word' id='word_1_108' title='bbox 80 1685 245 1758; x_wconf 79' lang='grc' dir='ltr'><strong><em>φανερῶς,</em></strong></span> <span class='ocrx_word' id='word_1_109' title='bbox 267 1672 481 1758; x_wconf 68' lang='grc' dir='ltr'><strong><em>ὑποθεμένου</em></strong></span> <span class='ocrx_word' id='word_1_110' title='bbox 506 1681 566 1739; x_wconf 92' lang='grc' dir='ltr'><strong><em>τοῦ</em></strong></span> <span class='ocrx_word' id='word_1_111' title='bbox 589 1680 674 1739; x_wconf 84' lang='grc' dir='ltr'><strong><em>θεοῦ</em></strong></span> <span class='ocrx_word' id='word_1_112' title='bbox 696 1673 752 1739; x_wconf 80' lang='grc' dir='ltr'><strong><em>καὶ</em></strong></span> <span class='ocrx_word' id='word_1_113' title='bbox 776 1675 894 1750; x_wconf 83' lang='grc' dir='ltr'><strong><em>ὐύντος</em></strong></span> <span class='ocrx_word' id='word_1_114' title='bbox 917 1672 1101 1757; x_wconf 87' lang='grc' dir='ltr'><strong><em>ἀσφαλείας</em></strong></span> 
     </span>
     <span class='ocr_line' id='line_1_16' title="bbox 44 1775 1099 1865; baseline -0.002 -20"><span class='ocrx_word' id='word_1_115' title='bbox 44 1797 67 1838; x_wconf 74' lang='lat'><strong><em>1⁵</em></strong></span> <span class='ocrx_word' id='word_1_116' title='bbox 80 1780 163 1845; x_wconf 78' lang='grc' dir='ltr'><strong><em>ὁδὸν</em></strong></span> <span class='ocrx_word' id='word_1_117' title='bbox 194 1775 274 1862; x_wconf 80' lang='grc' dir='ltr'><strong><em>ήκεν</em></strong></span> <span class='ocrx_word' id='word_1_118' title='bbox 306 1783 354 1857; x_wconf 91' lang='grc' dir='ltr'><strong><em>είς</em></strong></span> <span class='ocrx_word' id='word_1_119' title='bbox 385 1781 447 1863; x_wconf 89' lang='grc' dir='ltr'><strong><em>τήν</em></strong></span> <span class='ocrx_word' id='word_1_120' title='bbox 478 1779 722 1865; x_wconf 81' lang='grc' dir='ltr'><strong><em>προειρημένην</em></strong></span> <span class='ocrx_word' id='word_1_121' title='bbox 749 1782 858 1844; x_wconf 85' lang='grc' dir='ltr'><strong><em>πόλιν.</em></strong></span> <span class='ocrx_word' id='word_1_122' title='bbox 911 1779 1021 1861; x_wconf 83' lang='grc'>&lt;158&gt;</span> <span class='ocrx_word' id='word_1_123' title='bbox 1043 1777 1099 1843; x_wconf 85' lang='grc' dir='ltr'><strong><em>καὶ</em></strong></span> 
     </span>
     <span class='ocr_line' id='line_1_17' title="bbox 78 1881 1100 1968; baseline -0.004 -17"><span class='ocrx_word' id='word_1_124' title='bbox 78 1886 201 1962; x_wconf 80' lang='grc' dir='ltr'><strong><em>πάντες</em></strong></span> <span class='ocrx_word' id='word_1_125' title='bbox 218 1886 322 1951; x_wconf 89' lang='grc' dir='ltr'><strong><em>αὐτὸν</em></strong></span> <span class='ocrx_word' id='word_1_126' title='bbox 340 1885 524 1968; x_wconf 82' lang='grc' dir='ltr'><strong><em>ήσπάζοντύ</em></strong></span> <span class='ocrx_word' id='word_1_127' title='bbox 545 1908 580 1950; x_wconf 91' lang='grc' dir='ltr'><strong><em>τε</em></strong></span> <span class='ocrx_word' id='word_1_128' title='bbox 598 1882 653 1949; x_wconf 83' lang='grc' dir='ltr'><strong><em>καὶ</em></strong></span> <span class='ocrx_word' id='word_1_129' title='bbox 672 1885 734 1966; x_wconf 86' lang='grc' dir='ltr'><strong><em>τήν</em></strong></span> <span class='ocrx_word' id='word_1_130' title='bbox 752 1885 863 1948; x_wconf 89' lang='grc' dir='ltr'><strong><em>αίτίαν</em></strong></span> <span class='ocrx_word' id='word_1_131' title='bbox 880 1891 939 1966; x_wconf 81' lang='grc' dir='ltr'><strong><em>τῆς</em></strong></span> <span class='ocrx_word' id='word_1_132' title='bbox 957 1881 1100 1965; x_wconf 80' lang='grc' dir='ltr'><strong><em>ἀφίξεως</em></strong></span> 
     </span>
     <span class='ocr_line' id='line_1_18' title="bbox 79 1989 1099 2078; baseline -0.005 -20"><span class='ocrx_word' id='word_1_133' title='bbox 79 1992 269 2078; x_wconf 83' lang='grc' dir='ltr'><strong><em>ἀνηρώτων.</em></strong></span> <span class='ocrx_word' id='word_1_134' title='bbox 312 1995 402 2075; x_wconf 78' lang='grc' dir='ltr'><strong><em>ἔλεγε</em></strong></span> <span class='ocrx_word' id='word_1_135' title='bbox 421 1990 453 2057; x_wconf 76' lang='grc' dir='ltr'><strong><em>θ’</em></strong></span> <span class='ocrx_word' id='word_1_136' title='bbox 474 1992 568 2075; x_wconf 86' lang='grc' dir='ltr'><strong><em>ήκειν</em></strong></span> <span class='ocrx_word' id='word_1_137' title='bbox 586 1991 642 2055; x_wconf 80' lang='grc' dir='ltr'><strong><em>ἵνα</em></strong></span> <span class='ocrx_word' id='word_1_138' title='bbox 660 1989 751 2073; x_wconf 86' lang='grc' dir='ltr'><strong><em>θύση</em></strong></span> <span class='ocrx_word' id='word_1_139' title='bbox 774 1997 819 2076; x_wconf 77' lang='grc' dir='ltr'><strong><em>τῷ</em></strong></span> <span class='ocrx_word' id='word_1_140' title='bbox 843 1994 921 2077; x_wconf 80' lang='grc' dir='ltr'><strong><em>θεῷ.</em></strong></span> <span class='ocrx_word' id='word_1_141' title='bbox 959 1991 1099 2071; x_wconf 88' lang='grc' dir='ltr'><strong><em>ποιήσας</em></strong></span> 
     </span>
     <span class='ocr_line' id='line_1_19' title="bbox 78 2093 1098 2181; baseline -0.004 -17"><span class='ocrx_word' id='word_1_142' title='bbox 78 2094 141 2164; x_wconf 85' lang='grc' dir='ltr'><strong><em>οὐν</em></strong></span> <span class='ocrx_word' id='word_1_143' title='bbox 163 2099 227 2181; x_wconf 87' lang='grc' dir='ltr'><strong><em>τήν</em></strong></span> <span class='ocrx_word' id='word_1_144' title='bbox 249 2103 386 2181; x_wconf 89' lang='grc' dir='ltr'><strong><em>θυσίαν,</em></strong></span> <span class='ocrx_word' id='word_1_145' title='bbox 408 2103 504 2163; x_wconf 72' lang='grc' dir='ltr'><strong><em>καλεῖ</em></strong></span> <span class='ocrx_word' id='word_1_146' title='bbox 525 2099 586 2162; x_wconf 91' lang='grc' dir='ltr'><strong><em>τὸν</em></strong></span> <span class='ocrx_word' id='word_1_147' title='bbox 606 2094 766 2160; x_wconf 84' lang='grc' dir='ltr'><strong><em>Ἰεσσαῖον</em></strong></span> <span class='ocrx_word' id='word_1_148' title='bbox 785 2095 864 2179; x_wconf 84' lang='grc' dir='ltr'><strong><em>μετὰ</em></strong></span> <span class='ocrx_word' id='word_1_149' title='bbox 883 2106 951 2160; x_wconf 82' lang='grc' dir='ltr'><strong><em>τῶν</em></strong></span> <span class='ocrx_word' id='word_1_150' title='bbox 972 2093 1098 2161; x_wconf 85' lang='grc' dir='ltr'><strong><em>τέκνων</em></strong></span> 
     </span>
     <span class='ocr_line' id='line_1_20' title="bbox 78 2202 1098 2291; baseline -0.003 -21"><span class='ocrx_word' id='word_1_151' title='bbox 78 2203 132 2270; x_wconf 81' lang='grc' dir='ltr'><strong><em>ἐπὶ</em></strong></span> <span class='ocrx_word' id='word_1_152' title='bbox 154 2207 196 2270; x_wconf 86' lang='grc' dir='ltr'><strong><em>τὰ</em></strong></span> <span class='ocrx_word' id='word_1_153' title='bbox 220 2207 333 2291; x_wconf 79' lang='grc' dir='ltr'><strong><em>ίερεῑα,</em></strong></span> <span class='ocrx_word' id='word_1_154' title='bbox 355 2203 411 2269; x_wconf 82' lang='grc' dir='ltr'><strong><em>καὶ</em></strong></span> <span class='ocrx_word' id='word_1_155' title='bbox 433 2204 640 2287; x_wconf 81' lang='grc' dir='ltr'><strong><em>θεασάμενος</em></strong></span> <span class='ocrx_word' id='word_1_156' title='bbox 663 2202 767 2267; x_wconf 89' lang='grc' dir='ltr'><strong><em>αὐτοῦ</em></strong></span> <span class='ocrx_word' id='word_1_157' title='bbox 790 2202 850 2266; x_wconf 89' lang='grc' dir='ltr'><strong><em>τὸν</em></strong></span> <span class='ocrx_word' id='word_1_158' title='bbox 869 2203 1098 2286; x_wconf 85' lang='grc' dir='ltr'><strong><em>πρεσβύτατον</em></strong></span> 
     </span>
     <span class='ocr_line' id='line_1_21' title="bbox 39 2307 1097 2396; baseline -0.005 -19"><span class='ocrx_word' id='word_1_159' title='bbox 39 2329 64 2368; x_wconf 80' lang='lat'><strong><em>2⁰</em></strong></span> <span class='ocrx_word' id='word_1_160' title='bbox 77 2323 146 2377; x_wconf 83' lang='grc' dir='ltr'><strong><em>τῶν</em></strong></span> <span class='ocrx_word' id='word_1_161' title='bbox 163 2313 251 2377; x_wconf 82' lang='grc' dir='ltr'><strong><em>υίῶν</em></strong></span> <span class='ocrx_word' id='word_1_162' title='bbox 265 2310 428 2396; x_wconf 83' lang='grc' dir='ltr'><strong><em>εὐμεγέθη</em></strong></span> <span class='ocrx_word' id='word_1_163' title='bbox 447 2308 502 2375; x_wconf 84' lang='grc' dir='ltr'><strong><em>καὶ</em></strong></span> <span class='ocrx_word' id='word_1_164' title='bbox 517 2312 630 2391; x_wconf 88' lang='grc' dir='ltr'><strong><em>καλόν,</em></strong></span> <span class='ocrx_word' id='word_1_165' title='bbox 646 2315 777 2374; x_wconf 87' lang='grc' dir='ltr'><strong><em>είκασεν</em></strong></span> <span class='ocrx_word' id='word_1_166' title='bbox 791 2307 827 2373; x_wconf 87' lang='grc' dir='ltr'><strong><em>έκ</em></strong></span> <span class='ocrx_word' id='word_1_167' title='bbox 840 2317 899 2391; x_wconf 77' lang='grc' dir='ltr'><strong><em>τῆς</em></strong></span> <span class='ocrx_word' id='word_1_168' title='bbox 913 2308 1097 2393; x_wconf 83' lang='grc' dir='ltr'><strong><em>εὐμορφίας</em></strong></span> 
     </span>
     <span class='ocr_line' id='line_1_22' title="bbox 76 2412 1096 2502; baseline -0.004 -20"><span class='ocrx_word' id='word_1_169' title='bbox 76 2427 198 2483; x_wconf 89' lang='grc' dir='ltr'><strong><em>τοῦτον</em></strong></span> <span class='ocrx_word' id='word_1_170' title='bbox 217 2412 304 2482; x_wconf 77' lang='grc' dir='ltr'><strong><em>εἶναι</em></strong></span> <span class='ocrx_word' id='word_1_171' title='bbox 321 2417 382 2482; x_wconf 86' lang='grc' dir='ltr'><strong><em>τὸν</em></strong></span> <span class='ocrx_word' id='word_1_172' title='bbox 404 2414 567 2502; x_wconf 84' lang='grc' dir='ltr'><strong><em>μέλλοντα</em></strong></span> <span class='ocrx_word' id='word_1_173' title='bbox 585 2416 783 2499; x_wconf 85' lang='grc' dir='ltr'><strong><em>βασιλεύειν.</em></strong></span> <span class='ocrx_word' id='word_1_174' title='bbox 830 2413 939 2496; x_wconf 84' lang='grc'>&lt;159&gt;</span> <span class='ocrx_word' id='word_1_175' title='bbox 959 2415 1096 2499; x_wconf 76' lang='grc' dir='ltr'><strong><em>διαμαρ-</em></strong></span> 
     </span>
     <span class='ocr_line' id='line_1_23' title="bbox 76 2517 1095 2607; baseline -0.004 -20"><span class='ocrx_word' id='word_1_176' title='bbox 76 2524 169 2589; x_wconf 80' lang='grc' dir='ltr'><strong><em>τάνει</em></strong></span> <span class='ocrx_word' id='word_1_177' title='bbox 197 2519 235 2589; x_wconf 69' lang='grc' dir='ltr'><strong><em>δὲ</em></strong></span> <span class='ocrx_word' id='word_1_178' title='bbox 261 2531 320 2606; x_wconf 81' lang='grc' dir='ltr'><strong><em>τῆς</em></strong></span> <span class='ocrx_word' id='word_1_179' title='bbox 350 2530 411 2588; x_wconf 91' lang='grc' dir='ltr'><strong><em>τοῦ</em></strong></span> <span class='ocrx_word' id='word_1_180' title='bbox 440 2528 525 2587; x_wconf 87' lang='grc' dir='ltr'><strong><em>θεοῦ</em></strong></span> <span class='ocrx_word' id='word_1_181' title='bbox 557 2525 729 2607; x_wconf 87' lang='grc' dir='ltr'><strong><em>προνοίας·</em></strong></span> <span class='ocrx_word' id='word_1_182' title='bbox 762 2517 1005 2603; x_wconf 76' lang='grc' dir='ltr'><strong><em>ἐπερωτήσαντι</em></strong></span> <span class='ocrx_word' id='word_1_183' title='bbox 1033 2520 1095 2603; x_wconf 79' lang='grc' dir='ltr'><strong><em>γὰρ</em></strong></span> 
     </span>
     <span class='ocr_line' id='line_1_24' title="bbox 76 2622 1095 2721; baseline -0.007 -26"><span class='ocrx_word' id='word_1_184' title='bbox 76 2630 180 2721; x_wconf 87' lang='grc' dir='ltr'><strong><em>αὐτὸν</em></strong></span> <span class='ocrx_word' id='word_1_185' title='bbox 204 2631 234 2695; x_wconf 88' lang='grc' dir='ltr'><strong><em>εί</em></strong></span> <span class='ocrx_word' id='word_1_186' title='bbox 255 2632 363 2714; x_wconf 85' lang='grc' dir='ltr'><strong><em>χρίσει</em></strong></span> <span class='ocrx_word' id='word_1_187' title='bbox 384 2638 430 2717; x_wconf 74' lang='grc' dir='ltr'><strong><em>τῷ</em></strong></span> <span class='ocrx_word' id='word_1_188' title='bbox 454 2627 552 2717; x_wconf 83' lang='grc' dir='ltr'><strong><em>έλαίφ</em></strong></span> <span class='ocrx_word' id='word_1_189' title='bbox 575 2630 635 2692; x_wconf 87' lang='grc' dir='ltr'><strong><em>τὸν</em></strong></span> <span class='ocrx_word' id='word_1_190' title='bbox 653 2629 831 2691; x_wconf 91' lang='grc' dir='ltr'><strong><em>νεανίσκον</em></strong></span> <span class='ocrx_word' id='word_1_191' title='bbox 848 2623 888 2688; x_wconf 83' lang='grc' dir='ltr'><strong><em>ὃν</em></strong></span> <span class='ocrx_word' id='word_1_192' title='bbox 906 2623 1006 2698; x_wconf 92' lang='grc' dir='ltr'><strong><em>αὐτὸς</em></strong></span> <span class='ocrx_word' id='word_1_193' title='bbox 1029 2622 1095 2688; x_wconf 82' lang='grc' dir='ltr'><strong><em>ἐτε-</em></strong></span> 
     </span>
     <span class='ocr_line' id='line_1_25' title="bbox 75 2727 1096 2820; baseline -0.008 -19"><span class='ocrx_word' id='word_1_194' title='bbox 75 2736 244 2820; x_wconf 82' lang='grc' dir='ltr'><strong><em>θαυμάκει</em></strong></span> <span class='ocrx_word' id='word_1_195' title='bbox 270 2733 407 2819; x_wconf 75' lang='grc' dir='ltr'><strong><em>καὶτῆς</em></strong></span> <span class='ocrx_word' id='word_1_196' title='bbox 435 2737 604 2819; x_wconf 88' lang='grc' dir='ltr'><strong><em>βασιλείας</em></strong></span> <span class='ocrx_word' id='word_1_197' title='bbox 631 2731 725 2810; x_wconf 83' lang='grc' dir='ltr'><strong><em>ἀξιον</em></strong></span> <span class='ocrx_word' id='word_1_198' title='bbox 752 2732 896 2814; x_wconf 82' lang='grc' dir='ltr'><strong><em>ἔκρινεν,</em></strong></span> <span class='ocrx_word' id='word_1_199' title='bbox 925 2727 965 2791; x_wconf 92' lang='grc' dir='ltr'><strong><em>οὐ</em></strong></span> <span class='ocrx_word' id='word_1_200' title='bbox 993 2728 1096 2793; x_wconf 83' lang='grc' dir='ltr'><strong><em>ταύτὰ</em></strong></span> 
     </span>
     <span class='ocr_line' id='line_1_26' title="bbox 36 2833 1095 2928; baseline -0.008 -20"><span class='ocrx_word' id='word_1_201' title='bbox 36 2858 60 2899; x_wconf 77' lang='lat'><strong><em>2⁵</em></strong></span> <span class='ocrx_word' id='word_1_202' title='bbox 75 2841 214 2928; x_wconf 84' lang='grc' dir='ltr'><strong><em>βλέπειν</em></strong></span> <span class='ocrx_word' id='word_1_203' title='bbox 240 2840 443 2927; x_wconf 82' lang='grc' dir='ltr'><strong><em>ἀνθρώπους</em></strong></span> <span class='ocrx_word' id='word_1_204' title='bbox 471 2836 541 2905; x_wconf 79' lang='grc' dir='ltr'><strong><em>εἶπε</em></strong></span> <span class='ocrx_word' id='word_1_205' title='bbox 568 2837 622 2904; x_wconf 83' lang='grc' dir='ltr'><strong><em>καὶ</em></strong></span> <span class='ocrx_word' id='word_1_206' title='bbox 650 2840 743 2902; x_wconf 88' lang='grc' dir='ltr'><strong><em>θεόν.</em></strong></span> <span class='ocrx_word' id='word_1_207' title='bbox 789 2836 898 2919; x_wconf 83' lang='grc'>&lt;160&gt;</span> <span class='ocrx_word' id='word_1_208' title='bbox 925 2833 1026 2900; x_wconf 57' lang='grc' dir='ltr'><strong><em>εἀλλά</em></strong></span> <span class='ocrx_word' id='word_1_209' title='bbox 1053 2838 1095 2900; x_wconf 88' lang='grc' dir='ltr'><strong><em>σὺ</em></strong></span> 
     </span>
     <span class='ocr_line' id='line_1_27' title="bbox 74 2940 1095 3034; baseline -0.009 -20"><span class='ocrx_word' id='word_1_210' title='bbox 74 2945 138 3034; x_wconf 73' lang='grc' dir='ltr'><strong><em>μὲν</em></strong></span> <span class='ocrx_word' id='word_1_211' title='bbox 157 2951 205 3025; x_wconf 88' lang='grc' dir='ltr'><strong><em>είς</em></strong></span> <span class='ocrx_word' id='word_1_212' title='bbox 222 2948 260 3013; x_wconf 89' lang='grc' dir='ltr'><strong><em>τὸ</em></strong></span> <span class='ocrx_word' id='word_1_213' title='bbox 279 2948 401 3024; x_wconf 85' lang='grc' dir='ltr'><strong><em>κάλλος</em></strong></span> <span class='ocrx_word' id='word_1_214' title='bbox 419 2945 548 3012; x_wconf 75' lang='grc' dir='ltr'><strong><em>ἀπιδὼν</em></strong></span> <span class='ocrx_word' id='word_1_215' title='bbox 561 2955 621 3010; x_wconf 92' lang='grc' dir='ltr'><strong><em>τοῦ</em></strong></span> <span class='ocrx_word' id='word_1_216' title='bbox 635 2947 823 3025; x_wconf 88' lang='grc' dir='ltr'><strong><em>νεανίσκου,</em></strong></span> <span class='ocrx_word' id='word_1_217' title='bbox 842 2940 897 3007; x_wconf 78' lang='grc' dir='ltr'><strong><em>καί</em></strong></span> <span class='ocrx_word' id='word_1_218' title='bbox 919 2942 960 3023; x_wconf 75' lang='grc' dir='ltr'><strong><em>δή</em></strong></span> <span class='ocrx_word' id='word_1_219' title='bbox 974 2950 1095 3006; x_wconf 92' lang='grc' dir='ltr'><strong><em>τοῦτον</em></strong></span> 
     </span>
    </p>
   </div>
   <div class='ocr_carea' id='block_1_3' title="bbox 34 3046 1095 3562">
    <p class='ocr_par' dir='ltr' id='par_1_3' title="bbox 74 3046 1095 3138">
     <span class='ocr_line' id='line_1_28' title="bbox 74 3046 1095 3138; baseline -0.011 -17"><span class='ocrx_word' id='word_1_220' title='bbox 74 3055 152 3138; x_wconf 80' lang='grc' dir='ltr'><strong><em>ήνεῑ</em></strong></span> <span class='ocrx_word' id='word_1_221' title='bbox 173 3053 268 3132; x_wconf 82' lang='grc' dir='ltr'><strong><em>ἀξιον</em></strong></span> <span class='ocrx_word' id='word_1_222' title='bbox 290 3062 350 3118; x_wconf 93' lang='grc' dir='ltr'><strong><em>τοῦ</em></strong></span> <span class='ocrx_word' id='word_1_223' title='bbox 374 3053 565 3137; x_wconf 87' lang='grc' dir='ltr'><strong><em>βασιλεύειν</em></strong></span> <span class='ocrx_word' id='word_1_224' title='bbox 588 3047 687 3134; x_wconf 81' lang='grc' dir='ltr'><strong><em>εἶναι,</em></strong></span> <span class='ocrx_word' id='word_1_225' title='bbox 716 3050 779 3132; x_wconf 79' lang='grc' dir='ltr'><strong><em>έμὼ</em></strong></span> <span class='ocrx_word' id='word_1_226' title='bbox 807 3046 838 3112; x_wconf 76' lang='grc' dir='ltr'><strong><em>δ’</em></strong></span> <span class='ocrx_word' id='word_1_227' title='bbox 864 3049 905 3113; x_wconf 90' lang='grc' dir='ltr'><strong><em>οὐ</em></strong></span> <span class='ocrx_word' id='word_1_228' title='bbox 933 3047 1095 3132; x_wconf 76' lang='grc' dir='ltr'><strong><em>σωμάτων</em></strong></span> 
     </span>
    </p>

    <p class='ocr_par' dir='ltr' id='par_1_4' title="bbox 46 3154 1094 3246">
     <span class='ocr_line' id='line_1_29' title="bbox 46 3154 1094 3246; baseline -0.01 -20"><span class='ocrx_word' id='word_1_229' title='bbox 46 3167 48 3172; x_wconf 83' lang='grc'><strong>’</strong></span> <span class='ocrx_word' id='word_1_230' title='bbox 75 3162 262 3246; x_wconf 86' lang='grc' dir='ltr'><strong><em>εὐμορφίας</em></strong></span> <span class='ocrx_word' id='word_1_231' title='bbox 281 3162 431 3225; x_wconf 78' lang='grc' dir='ltr'><strong><em>ἔπαθλον</em></strong></span> <span class='ocrx_word' id='word_1_232' title='bbox 446 3167 605 3241; x_wconf 86' lang='grc' dir='ltr'><strong><em>ποιοῦμαι</em></strong></span> <span class='ocrx_word' id='word_1_233' title='bbox 618 3158 680 3239; x_wconf 85' lang='grc' dir='ltr'><strong><em>τήν</em></strong></span> <span class='ocrx_word' id='word_1_234' title='bbox 693 3158 866 3239; x_wconf 89' lang='grc' dir='ltr'><strong><em>βασιλείαν</em></strong></span> <span class='ocrx_word' id='word_1_235' title='bbox 879 3154 962 3218; x_wconf 86' lang='grc' dir='ltr'><strong><em>ἀλλά</em></strong></span> <span class='ocrx_word' id='word_1_236' title='bbox 975 3163 1094 3236; x_wconf 78' lang='grc' dir='ltr'><strong><em>ψυχῶν</em></strong></span> 
     </span>
    </p>

    <p class='ocr_par' dir='ltr' id='par_1_5' title="bbox 75 3257 1093 3351">
     <span class='ocr_line' id='line_1_30' title="bbox 75 3257 1093 3351; baseline -0.012 -18"><span class='ocrx_word' id='word_1_237' title='bbox 75 3267 209 3351; x_wconf 76' lang='grc' dir='ltr'><strong><em>ἀρετῆς,</em></strong></span> <span class='ocrx_word' id='word_1_238' title='bbox 235 3264 291 3331; x_wconf 81' lang='grc' dir='ltr'><strong><em>καὶ</em></strong></span> <span class='ocrx_word' id='word_1_239' title='bbox 319 3268 401 3348; x_wconf 76' lang='grc' dir='ltr'><strong><em>ζητῶ</em></strong></span> <span class='ocrx_word' id='word_1_240' title='bbox 426 3265 515 3341; x_wconf 78' lang='grc' dir='ltr'><strong><em>ὅστις</em></strong></span> <span class='ocrx_word' id='word_1_241' title='bbox 536 3265 660 3344; x_wconf 88' lang='grc' dir='ltr'><strong><em>ταύτην</em></strong></span> <span class='ocrx_word' id='word_1_242' title='bbox 683 3260 751 3326; x_wconf 80' lang='grc' dir='ltr'><strong><em>έστὶ</em></strong></span> <span class='ocrx_word' id='word_1_243' title='bbox 778 3257 898 3335; x_wconf 90' lang='grc' dir='ltr'><strong><em>τελέως</em></strong></span> <span class='ocrx_word' id='word_1_244' title='bbox 920 3259 1093 3344; x_wconf 87' lang='grc' dir='ltr'><strong><em>εὐπρεπής,</em></strong></span> 
     </span>
    </p>

    <p class='ocr_par' dir='ltr' id='par_1_6' title="bbox 34 3359 1093 3562">
     <span class='ocr_line' id='line_1_31' title="bbox 34 3359 1093 3460; baseline -0.01 -21"><span class='ocrx_word' id='word_1_245' title='bbox 34 3389 61 3428; x_wconf 71' lang='lat'><strong><em>³⁰</em></strong></span> <span class='ocrx_word' id='word_1_246' title='bbox 76 3373 228 3460; x_wconf 77' lang='grc' dir='ltr'><strong><em>εὐσεβείᾳ</em></strong></span> <span class='ocrx_word' id='word_1_247' title='bbox 249 3370 306 3438; x_wconf 82' lang='grc' dir='ltr'><strong><em>καὶ</em></strong></span> <span class='ocrx_word' id='word_1_248' title='bbox 329 3372 524 3454; x_wconf 76' lang='grc' dir='ltr'><strong><em>δικαιοσύνη</em></strong></span> <span class='ocrx_word' id='word_1_249' title='bbox 543 3366 598 3434; x_wconf 83' lang='grc' dir='ltr'><strong><em>καὶ</em></strong></span> <span class='ocrx_word' id='word_1_250' title='bbox 617 3368 754 3453; x_wconf 76' lang='grc' dir='ltr'><strong><em>ἀνδρείᾳ</em></strong></span> <span class='ocrx_word' id='word_1_251' title='bbox 772 3363 827 3430; x_wconf 85' lang='grc' dir='ltr'><strong><em>καὶ</em></strong></span> <span class='ocrx_word' id='word_1_252' title='bbox 845 3371 969 3449; x_wconf 79' lang='grc' dir='ltr'><strong><em>πειθοῖ,</em></strong></span> <span class='ocrx_word' id='word_1_253' title='bbox 993 3364 1025 3442; x_wconf 79' lang='grc' dir='ltr'><strong><em>ἐξ</em></strong></span> <span class='ocrx_word' id='word_1_254' title='bbox 1045 3359 1093 3429; x_wconf 77' lang='grc' dir='ltr'><strong><em>ὧν</em></strong></span> 
     </span>
     <span class='ocr_line' id='line_1_32' title="bbox 151 3491 533 3562; baseline -0.008 -15"><span class='ocrx_word' id='word_1_255' title='bbox 151 3498 166 3558; x_wconf 66' lang='grc' dir='ltr'><strong>ἓ</strong></span> <span class='ocrx_word' id='word_1_256' title='bbox 181 3497 233 3549; x_wconf 78' lang='grc'><strong><em>166</em></strong></span> <span class='ocrx_word' id='word_1_257' title='bbox 253 3520 288 3539; x_wconf 90' lang='lat'>=</span> <span class='ocrx_word' id='word_1_258' title='bbox 307 3501 321 3547; x_wconf 95' lang='lat'>1</span> <span class='ocrx_word' id='word_1_259' title='bbox 336 3492 406 3562; x_wconf 80' lang='lat' dir='ltr'>Reg.</span> <span class='ocrx_word' id='word_1_260' title='bbox 425 3491 476 3545; x_wconf 86' lang='lat' dir='ltr'><strong><em>XV</em></strong></span> <span class='ocrx_word' id='word_1_261' title='bbox 491 3495 533 3544; x_wconf 79' lang='lat'><strong><em>34.</em></strong></span> 
     </span>
    </p>
   </div>
   <div class='ocr_carea' id='block_1_4' title="bbox 914 3577 953 3635">
    <p class='ocr_par' dir='ltr' id='par_1_7' title="bbox 914 3577 953 3635">
     <span class='ocr_line' id='line_1_33' title="bbox 914 3577 953 3635; baseline 0 -28"><span class='ocrx_word' id='word_1_262' title='bbox 914 3577 953 3635; x_wconf 44' lang='grc' dir='ltr'><strong><em>δὴ</em></strong></span> 
     </span>
    </p>
   </div>
   <div class='ocr_carea' id='block_1_5' title="bbox 0 0 1204 3840">
    <p class='ocr_par' dir='ltr' id='par_1_8' title="bbox 0 0 1204 3840">
     <span class='ocr_line' id='line_1_34' title="bbox 0 0 1204 3840; baseline 0 3"><span class='ocrx_word' id='word_1_263' title='bbox 0 0 1204 3840; x_wconf 95' lang='lat' dir='ltr'><strong><em> </em></strong></span> 
     </span>
    </p>
   </div>
  </div>
 </body>
</html>
