2400 3840
420 758 586 824 ΒΙΒΔΟΣ
608 758 801 824 ΕΒΔΟΜΗ.

167 919 232 1002 <1>
261 917 396 1002 Συνέβη
425 915 462 983 δὲ
484 920 609 1001 ταύτην
635 917 794 1000 γενέσθαι
822 920 883 1003 τὴν
906 920 1013 1004 μάχην
1035 919 1115 986 καθ’
1139 928 1155 990 1

98 1022 142 1106 ἣν
165 1021 291 1109 ἡμέραν
313 1022 368 1088 καὶ
391 1026 544 1108 Δαυίδης
568 1027 647 1101 τοὺς
666 1022 880 1108 Ἀμαληκίτας
906 1028 1043 1109 νικήσας
1072 1030 1119 1104 είς

100 1132 251 1195 Σεκελδιν
272 1128 486 1215 ὑπέστρεψεν.
531 1131 594 1215 ἤδη
619 1129 650 1195 δ’
676 1130 780 1195 αὐτοῦ
803 1129 857 1196 δύ’
880 1130 1004 1218 ἡμέρας
1027 1135 1118 1216 έχον-

98 1258 156 1312 τος
180 1235 216 1301 έν
238 1246 278 1322 τῇ
301 1242 440 1324 Σεκελᾷ,
462 1247 502 1322 τῇ
525 1240 618 1324 τρίτη
641 1240 856 1323 παραγίνεται
881 1236 1060 1314 διασωθεὶς
1084 1238 1119 1304 έκ

70 1351 158 1425 ετῆς
194 1343 298 1428 μάχης
333 1352 392 1428 τῆς
423 1345 506 1429 πρὸς
537 1345 784 1419 Παλαιστινοὺς
820 1343 838 1408 ὁ
869 1345 929 1408 τὸν
961 1344 1119 1410 Σάουλον

98 1447 244 1532 ἀνελών,
266 1451 328 1532 τήν
350 1447 380 1514 τ’
407 1448 532 1534 ἐσθῆτα
554 1447 834 1535 περιερρηγμένος
856 1447 911 1514 καὶ
935 1450 996 1533 τὴν
1017 1474 1119 1535 κεφα-

98 1553 162 1636 λην
184 1552 291 1642 τέφρᾳ
312 1556 557 1641 περιχεάμενος.
602 1554 667 1638 <2>
690 1551 744 1618 καὶ
763 1557 996 1640 προσκυνήσας
1016 1558 1119 1623 αὐτὸν

98 1658 345 1750 πυνθανομένῳ
364 1664 472 1727 πόθεν
491 1661 565 1744 ἀκοι
583 1670 744 1742 τοιοῦτος,
768 1660 832 1725 ἀπὸ
856 1671 915 1745 τῆς
932 1673 1000 1727 τῶν
1016 1662 1119 1749 Ἰσρα-

96 1770 222 1848 ηλιτῶν
240 1767 349 1851 μάχης,
364 1770 468 1849 ἔλεχε·
487 1765 646 1849 γενέσθαι
666 1763 696 1830 δ’
715 1762 833 1849 ἀτυχὲς
851 1766 952 1850 αὐτῆς
969 1770 1006 1833 τὸ
1026 1767 1119 1846 τέλος

57 1891 84 1930 ιο
100 1869 236 1955 ἐδήλου,
264 1878 398 1938 πολλῶν
425 1869 487 1957 μέν
510 1871 754 1956 ἀναιρεθεισῶν
780 1876 850 1947 τοίς
869 1868 1035 1958 Ἑβραίοις
1058 1899 1119 1959 μυ·

97 1976 235 2060 ριάδοιν,
259 1981 418 2055 πεσόντος
441 1975 479 2043 δὲ
496 1975 551 2042 καλ
569 1987 630 2042 τοῦ
650 1974 811 2062 βασιλέως
829 1977 941 2043 αὐτῶν
960 1981 1118 2046 Σαούλου

96 2083 177 2166 μετά
207 2094 274 2148 τῶν
301 2082 436 2148 τέκνων.
481 2083 546 2166 <3>
576 2093 680 2148 ταῦτα
708 2080 745 2150 δὲ
772 2087 946 2169 σημαίνειν
974 2088 1118 2171 έφασκεν

96 2187 197 2265 αὐτὸς
219 2191 419 2276 παρατυχὼν
441 2199 480 2276 τῇ
499 2198 603 2277 τροπῇ
623 2202 691 2256 τῶν
706 2189 869 2278 Ἑβραίων
886 2190 941 2257 καὶ
960 2203 1005 2280 τῷ
1025 2197 1117 2278 βασι-

96 2299 150 2359 λεῖ
175 2298 355 2378 πεφευγότι
383 2297 514 2382 παρών,
547 2297 587 2362 δν
613 2295 669 2362 καὶ
700 2309 826 2363 κτεῖναι
857 2297 1019 2383 μέλλοντα
1051 2301 1116 2366 ὑπὸ

55 2418 82 2458 1⁵
95 2411 164 2466 τῶν
190 2404 360 2485 πολεμίων
386 2402 617 2486 λαμβάνεσθαι
647 2401 874 2488 παρακληθεὶς
904 2404 1004 2482 αὐτὸς
1031 2406 1116 2489 διμο-

96 2509 200 2588 λόχει·
223 2516 263 2592 τῇ
287 2508 436 2594 ῥομφαίᾳ
458 2509 521 2591 γάρ
546 2507 649 2572 αὐτὸν
673 2506 869 2571 ἐπιπεσόντα
893 2510 949 2573 διά
969 2511 1116 2592 τὴντῶν

94 2613 294 2699 τραυμάτων
312 2613 501 2698 ὑπερβολὴν
515 2612 618 2677 αὑτὸν
636 2611 821 2695 ἀσθενῆσαι
839 2614 1115 2699 κατεργάσασθαι.

94 2720 160 2801 <4>
184 2718 239 2784 καὶ
263 2721 413 2804 σύμβολα
438 2716 469 2783 δ’
495 2717 598 2783 αὐτοῦ
621 2725 680 2800 τῆς
702 2715 902 2804 ἀναιρέσεως
927 2716 1116 2786 ἐπεδείκνυε

94 2828 154 2890 τόν
182 2850 217 2890 τε
244 2824 320 2911 περὶ
347 2837 418 2901 τοῖς
449 2826 602 2910 βραχίοσι
629 2826 755 2911 χρυσὸν
784 2833 845 2889 τοῦ
873 2823 1034 2909 βασιλέως
1060 2824 1115 2890 καὶ

52 2948 81 2988 20
95 2933 154 2995 τὸν
178 2930 356 3016 στέφανον,
380 2930 401 2995 ἀ
423 2930 604 3016 περιδύσας
621 2932 682 2995 τόν
699 2932 858 2996 Σαούλου
881 2933 1000 3017 νεκρὸν
1023 2936 1115 3016 κομί-

95 3055 184 3102 σειεν
212 3039 310 3126 αὐτῷ.
355 3038 507 3120 Δαυίδης
535 3034 572 3101 δὲ
600 3035 712 3120 μηκέτ’
738 3038 889 3103 ἀπιστεῖν
912 3039 1011 3121 έχων,
1039 3036 1112 3102 ἀλλ’

95 3142 218 3229 έναρχῆ
233 3145 391 3229 τεκμήρια
412 3152 472 3208 τοῦ
488 3144 645 3208 Σαούλου
662 3145 813 3209 θανάτου
836 3141 977 3227 βλέπων,
995 3166 1114 3230 καταρ-

95 3252 233 3333 ρηγνύει
261 3246 323 3334 μὲν
349 3250 411 3333 τὴν
439 3248 580 3333 ἐσθῆτα,
611 3252 736 3317 κλαίων
765 3247 802 3315 δὲ
829 3248 883 3315 καλ
911 3251 1114 3336 ὀδυρόμενος

169 3388 469 3458 §1=2fflgss.

949 3475 989 3531 Q*
