2400 3840
511 125 609 175 EKTH
1028 120 1068 184 17

49 293 221 364 παντελῶς
245 281 320 352 εί.εν
366 280 526 368 <71>ιαὶ
551 281 649 369 δμεν
667 295 735 349 τῶν
751 280 957 367 Ἀμμανιτῶν
977 288 1070 368 βασι-

49 399 127 472 λεὺς
150 402 232 459 ταῦτ
235 391 492 478 ’ἐργασάμενος
514 393 592 467 τοὺς
614 388 720 476 πέραν
742 398 803 455 τοῦ
824 387 994 475 Ἰορδάνου
1018 388 1070 454 ἐπὶ

50 503 130 576 τοὺς
150 499 366 581 Γαλαδηνοὺς
389 495 588 581 λεγομένους
611 495 855 582 ἐπεστράτευσε.
879 494 951 589 ἱκαὶ
974 513 1071 581 στρα-

51 605 337 689 τοπεδευσάμενος
372 605 456 690 πρὸς
491 613 530 689 τή
567 606 766 688 μητροπόλει
802 613 870 668 τῶν
906 607 1073 686 πολεμίων

24 710 165 799 τήἸαβὶς
193 709 224 775 δ’
255 708 345 776 ἐστὶν
373 707 471 796 αὕτη)
498 708 617 794 πέμπει
644 710 727 795 πρὸς
757 709 879 786 αὐτοὺς
909 707 1073 794 πρέσβεις,

51 820 199 885 κελεύων
228 818 292 900 ήδη
320 817 529 902 παραδοῦναι
562 825 649 900 σφᾶς
681 816 802 893 αὐτοὺς
834 814 887 881 ἐπὶ
919 825 965 904 τῶ
996 819 1074 892 τοὺς

53 927 184 1005 δεξιοὺς
218 923 329 989 αὐτῶν
361 923 559 1007 ὀφθαλμοὺς
591 920 756 1007 ἐξορύξαι,
788 920 809 1006 ή
840 924 1074 1008 πολιορκήσειν

53 1033 182 1116 ἠπείλει
210 1026 265 1095 καὶ
288 1031 347 1106 τάς
368 1032 481 1104 πόλεις
508 1027 619 1093 αὐτῶν
642 1027 852 1111 ἀναστήσειν·
880 1029 941 1112 τήν
966 1027 997 1094 δ’
1024 1030 1074 1094 αί-

55 1154 149 1223 ρεσιν
183 1134 233 1202 ἐπ’
264 1137 378 1212 αὐτοῖς
404 1131 505 1218 εἶναι,
536 1137 679 1220 πότερόν
710 1156 789 1200 ποτε
821 1138 928 1221 βραχύ
954 1160 986 1201 τι
1014 1145 1074 1201 τοῦ

15 1266 41 1306 ιο
56 1246 208 1329 σώματος
222 1243 398 1327 ἀποτεμεῖν
412 1240 590 1307 έθέλουσιν
603 1239 624 1324 ή
635 1241 845 1307 παντάπασιν
859 1241 1075 1308 ἀπολωλέναι.

56 1351 206 1435 <λθ>οί
228 1345 478 1432 δέΓαλαδηνοὶ
501 1345 763 1429 καταπλαγέντες
789 1350 872 1434 πρὸς
899 1348 1076 1434 οὐδέτερον

57 1453 119 1542 μέν
142 1455 327 1540 ἐτόλμησαν
350 1451 452 1520 οὐδὲν
474 1457 590 1538 εἰπεῖν,
613 1455 672 1519 ούτ
675 1451 735 1520 ἐί
756 1456 1056 1541 παραδιδόασιν“
1019 1481 1077 1523 αυ·

57 1568 136 1641 τοὺς
155 1559 227 1628 οὔτ’
245 1564 275 1627 εί
291 1567 505 1645 πολεμοῦσιν,
523 1559 648 1644 ἀνοχὴν
668 1557 698 1625 δ’
714 1559 847 1647 ἡμερῶν
866 1561 945 1628 ἕπτά
962 1568 1078 1648 λαβεῖν

58 1668 273 1754 ήξίωσαν,“
258 1692 313 1733 ινα
344 1664 626 1752 πρεσβευσάμενοι
657 1668 741 1752 πρὸς
757 1670 850 1838 ετοὺς
887 1668 1078 1752 ὁμοφύλους

20 1796 44 1836 15
58 1772 313 1862 παρακαλέσωσι
333 1784 517 1857 συμμαχεῖν
536 1771 737 1856 αὐτοῖςκαὶ
807 1771 868 1857 μέν
887 1776 982 1839 ἔλθοι
1001 1777 1078 1858 βοή-

58 1890 153 1964 θεια,
186 1886 436 1964 πολεμῶσιν,ε
421 1881 452 1944 εί
478 1877 551 1943 δ”
538 1881 646 1964 άπορα
674 1797 773 1962 είηε
756 1880 796 1943 τά
825 1877 902 1965 παρ’
933 1878 1079 1978 ἐκείνων

59 1987 274 2074 παραδώσειν
301 1986 422 2063 αὑτοὺς
450 1988 597 2070 ἔφασκον
625 1983 678 2050 ἐπὶ
706 1994 751 2072 τῶ
780 1992 903 2051 παθεῖν
933 1985 951 2050 δ
978 2009 1009 2050 τι
1038 1943 1080 2051 ἀά

62 2095 152 2182 αὐτῷ
174 2093 265 2178 δοκή.
307 2093 394 2175 <73>
414 2092 432 2157 δ
451 2088 489 2156 δὲ
509 2092 646 2174 Ναάσης
663 2093 917 2177 καταφρονήσας
935 2101 995 2157 τοῦ
1013 2104 1081 2157 τῶν
1100 2109 1115 2156 2

65 2200 271 2282 Γαλαδηνῶν
289 2199 442 2281 πλήθους
459 2195 515 2263 καὶ
533 2207 591 2281 τής
605 2197 809 2283 ἀποκρίσεως
823 2198 944 2283 αὐτῶν,
963 2200 1084 2264 δίδωσί

30 2325 52 2364 ω
64 2304 90 2370 τ’
112 2306 230 2381 αὐτοῖς
251 2304 312 2387 τήν
331 2303 457 2389 ἀνοχὴν
479 2301 534 2368 καὶ
553 2302 693 2388 πέμπειν
715 2305 798 2388 πρὸς
819 2304 878 2382 οὓς
897 2304 938 2369 ἀν
957 2304 1081 2370 θέλωσι

66 2411 259 2497 συμμάχους
272 2408 446 2496 ἐπιτρέπει.
483 2407 669 2494 πέμψαντες
687 2405 749 2476 οὖν
764 2411 868 2487 εὐθὺς
884 2411 965 2475 κατά
983 2413 1082 2476 πόλιν

66 2531 135 2596 τοῖς
150 2515 368 2603 Ἰσραηλίταις
390 2516 588 2599 διήγγελλον
610 2518 649 2581 τά
671 2518 760 2602 παρά
783 2526 843 2581 τοῦ
866 2516 1005 2581 Ναάσου
1027 2514 1083 2581 καὶ
1170 2575 1178 2581 .

67 2625 127 2708 τήν
155 2623 342 2707 ἀμηχανίαν
370 2621 406 2687 έν
433 2615 454 2708 ή
480 2622 749 2703 καθειστήκεσαν.
801 2621 888 2702 <74>
915 2625 951 2684 οἳ
976 2618 1006 2684 δ’
1038 2623 1084 2697 είς

69 2731 197 2816 δάκρυα
218 2727 274 2794 καὶ
297 2729 406 2811 λύπην
428 2728 493 2794 ὑπὸ
516 2737 575 2812 τής
593 2726 692 2810 ἀκοής
709 2737 777 2791 τῶν
797 2724 873 2811 περὶ
896 2728 973 2803 τοὺς
989 2724 1085 2810 Ἰαβι-

39 2839 192 2920 ῶσηνοὺς
217 2836 451 2921 προήχθησαν,
483 2833 538 2899 καὶ
570 2832 654 2920 πέρα
685 2834 812 2898 τούτων
845 2830 945 2899 οὐδὲν
972 2834 1085 2911 αὐτοῖς

71 2943 150 3008 ἀλλο
172 2941 331 3027 πράττειν
355 2941 534 3026 συνεχώρει
558 2942 595 3005 τὸ
619 2938 701 3015 δέος.
747 2937 936 3024 γενομένων
959 2937 996 3005 δὲ
1019 2951 1085 3004 τῶν

73 3047 221 3132 ἀγγέλων
243 3045 298 3113 καὶ
322 3045 359 3112 έν
381 3055 420 3132 τῇ
444 3047 602 3112 Σαούλου
629 3055 689 3111 τοῦ
712 3044 873 3130 βασιλέως
897 3049 1005 3126 πόλει,
1032 3043 1086 3108 καὶ

73 3158 149 3232 τοὺς
166 3154 347 3230 κινδύνους
366 3151 402 3217 έν
421 3143 472 3229 οἷς
490 3147 576 3217 εἶναι
595 3152 770 3237 συνέβαινε
790 3156 868 3228 τοὺς
884 3149 1088 3235 Ἰαβισηνοὺς

74 3260 289 3346 φρασάντων,
318 3254 420 3343 ὁμὲν
449 3260 527 3334 λαὸς
554 3259 656 3323 ταύτὰ
682 3270 752 3335 τοῖς
778 3259 921 3344 πρώτοις
949 3259 1089 3341 ἔπασχεν

40 3379 62 3420 ⁸⁰
74 3364 235 3453 (ὠδύρετο
250 3367 313 3451 γάρ
327 3366 389 3447 τήν
403 3365 580 3450 συμφορὰν
598 3364 659 3447 τήν
673 3374 740 3428 τῶν
754 3359 951 3449 συγγενῶν),
970 3362 1056 3445 <75>
1072 3363 1092 3425 δ

147 3492 210 3552 §71
232 3513 266 3532 =
288 3495 300 3540 l
320 3486 389 3555 θος.
408 3485 447 3540 XI
464 3492 486 3539 1,
660 3549 669 3560 x

128 3586 252 3626 Iomm.
271 3584 302 3624 Π
938 3584 962 3634 ‘2
