2400 3840
516 128 615 178 ωΚνΗ
1031 129 1075 194 49
1141 162 1143 167 .

57 284 235 367 ἐκκλησίαν
265 295 327 351 τοῦ
356 289 454 351 θείου
486 288 774 371 μεταλαμβάνουσι
803 291 989 374 πνεύματος
1020 292 1075 357 καὶ

56 393 282 478 προφητεύειν
317 391 467 479 ἤρξαντο.
523 393 676 470 Σάουλος
713 392 744 458 δ’
778 394 922 472 ἀκούσας
953 399 1075 476 ἄλλους

57 502 203 584 ἔπεμψεν
226 496 279 563 ἐπὶ
302 500 362 563 τὸν
384 499 553 582 Δαυίδην,
580 499 743 565 κάκείνων
769 501 869 566 ταύτὸ
894 512 965 578 τοῖς
987 505 1074 588 πρά-

56 629 126 682 τοις
148 607 331 670 παθόντων
349 605 450 671 πάλιν
469 604 660 671 ἀπέστειλεν
679 605 824 692 ἑτέρους·
848 612 1074 692 προφητευόν-

33 731 124 777 ετων
151 707 191 776 δὲ
217 709 272 776 καὶ
299 723 366 777 τῶν
392 715 528 797 τρίτων,
558 718 749 778 τελευταῖον
776 711 948 798 ὀργισθεὶς
976 714 1075 791 αὐτὸς

57 815 254 901 ἐξώρμησεν.
299 817 408 901 <223>
431 816 501 882 ἐπεὶ
525 816 556 881 δ’
583 817 680 900 ἐγγὺς
702 813 745 902 ἦν
767 819 842 903 ἤδη,
865 822 1074 903 Σαμούηλος,

56 920 138 1008 πρὶν
165 923 252 989 ίδεῖν
281 924 398 1006 αὐτόν,
430 925 654 1008 προφητεύειν
686 924 848 1008 ἐποίησεν.
899 924 1010 992 ἐλθὼν
1038 925 1074 992 δὲ

56 1031 139 1114 πρὸς
167 1029 271 1095 αὐτὸν
299 1030 452 1106 Σάουλος
478 1030 543 1095 ὑπὸ
571 1035 697 1095 πολλοῦ
726 1032 911 1115 πνεύματος
938 1032 1074 1099 ἐλαυνό-

57 1158 156 1218 μενος
180 1138 314 1219 ἔκφρων
336 1139 479 1218 γίνεται,
501 1132 556 1201 καὶ
580 1136 641 1218 τὴν
665 1136 790 1220 ἐσθῆτα
812 1139 993 1223 περιδύσας
1016 1141 1073 1205 αὑ-

23 1259 45 1298 1⁰
57 1244 126 1325 τόν,
148 1242 343 1308 καταπεσὼν
366 1244 470 1307 ἔκειτο
494 1240 539 1307 δι’
563 1242 641 1325 ὅλης
663 1240 787 1326 ἡμέρας
809 1265 844 1307 τε
866 1242 921 1308 καὶ
944 1249 1073 1328 νυκτός,

58 1348 262 1432 Σαμουήλου
284 1372 320 1413 τε
342 1347 397 1413 καὶ
420 1349 574 1413 Δαυίδου
597 1351 796 1433 βλεπόντων.

125 1455 235 1537 <224>
260 1451 421 1537 Ἰωνάθης
448 1452 479 1518 δ’
509 1455 527 1520 ὁ
556 1456 713 1520 Σαούλου
742 1467 834 1536 παῖς,
867 1453 1107 1540 άφικομένονο

56 1561 140 1644 πρὸς
162 1560 266 1626 αὐτὸν
289 1559 420 1625 ἐκεῖθεν
437 1561 602 1642 Δαυίδου,
625 1558 774 1644 καὶπερὶ
796 1569 854 1643 τῆς
871 1571 932 1626 τοῦ
950 1563 1074 1648 πατρὸς

57 1665 312 1751 ἀποδυρομένου
335 1666 527 1750 ἐπιβουλῆς,
554 1664 610 1730 καὶ
633 1665 788 1749 λέγοντος
811 1666 856 1743 ὡς
878 1664 984 1737 οὐδὲν,
1001 1668 1073 1732 άδι·
1178 1669 1185 1675 ”

24 1776 160 1857 θκησας
187 1771 259 1838 οὐδ’
290 1771 480 1857 ἐξαμαρτὼν
512 1771 729 1849 σπουδάζοιτο
761 1773 826 1836 ὑπὸ
859 1781 919 1837 τοῦ
950 1775 1074 1857 πατρὸς

56 1881 160 1946 αὐτοῦ
188 1885 409 1964 φονευθῆναι,
441 1875 522 1962 μήθ’
553 1877 641 1964 αὐτῷ
665 1874 761 1941 τοῦθ’
792 1877 992 1942 ὑπονοοῦντι
1020 1900 1073 1942 πι-

56 1988 187 2052 στεύειν
205 1985 381 2070 παρεκάλει
405 1985 484 2068 μήτε
502 1996 572 2060 τοῖς
591 1982 840 2066 διαβάλλουσιν,
864 1989 897 2047 εί
911 2005 998 2060 τινες
1017 1981 1071 2069 ἄρ’

56 2091 143 2158 εἰσὶν
170 2093 206 2157 οί
233 2101 331 2156 τοῦτο
358 2091 571 2174 πράττοντες,
599 2086 672 2154 ἀλλ’
703 2089 791 2177 αὐτῷ
818 2088 992 2174 προσέχειν
1018 2089 1073 2155 καὶ
1097 2079 1099 2084 ’

56 2205 212 2283 θαρρεῖν·
245 2194 350 2281 μηδὲν
378 2197 440 2283 γάρ
468 2205 621 2261 τοιοῦτον
649 2193 699 2260 ἐπ’
730 2196 819 2284 αύτῷ
846 2208 987 2279 φρονεῖν
1014 2199 1073 2262 τὸν

21 2303 194 2389 θπατέρα·
218 2304 344 2390 φράσαι
367 2304 431 2386 γάρ
450 2301 491 2367 άν
511 2303 598 2390 αὐτῷ
617 2301 692 2388 περὶ
710 2304 832 2368 τούτου
854 2300 909 2366 καὶ
928 2304 1073 2387 σύμβου-

56 2416 117 2476 λον
138 2398 356 2495 παραλαβεῖν,
377 2418 417 2493 τῇ
434 2417 529 2495 κοινῇ
548 2410 662 2494 γνώμη
684 2408 740 2474 καὶ
758 2403 861 2475 τᾶλλα
878 2409 1072 2492 πράττοντα.

54 2517 165 2601 <225>
188 2516 206 2582 ὃ
230 2514 261 2580 δ’
283 2518 414 2601 ὤμνυεν
436 2510 456 2599 ἦ
476 2515 541 2599 μην
564 2516 669 2591 οὕτως
688 2518 784 2599 ἔχειν,
807 2512 862 2578 καὶ
882 2511 1070 2579 πιστεύοντ’

54 2623 152 2707 ἠξίου
183 2635 343 2708 προνοεῖν
374 2622 477 2687 αὐτοῦ
509 2626 636 2705 μᾶλλον
667 2619 687 2702 ἢ
720 2618 983 2702 καταφρονοῦντ’
1019 2617 1069 2684 ἐπ’

54 2728 197 2814 άληθίσι
225 2742 295 2806 τοῖς
325 2731 437 2812 λόγοις
465 2725 532 2793 τότ’
568 2721 692 2809 ἀληθὲς
714 2726 911 2808 ὑπολαβεῖν,
944 2725 1024 2789 ὅταν
1052 2723 1072 2807 ἣ

18 2853 42 2895 ²⁵
54 2837 218 2919 θεάσηται
241 2834 492 2920 πεφονευμένον
519 2833 622 2899 αὐτὸν
649 2831 669 2914 ἢ
692 2832 848 2915 πύθηται.
894 2826 998 2914 μηδὲν
1021 2830 1072 2897 λέ-

53 2968 128 3028 γειν
151 2940 183 3007 δ’
204 2941 293 3029 αὐτῷ
316 2943 376 3006 τὸν
397 2940 523 3026 πατέρα
544 2937 766 3025 περὶτούτων
786 2940 938 3022 ἔφασκεν,
962 2939 1073 3003 είδύτα

43 3051 117 3132 ’τὴν
139 3049 224 3132 πρὸς
247 3047 350 3113 αὐτὸν
373 3049 491 3130 φιλίαν
513 3044 569 3110 καὶ
592 3046 756 3110 διάθεσιν.

122 3155 231 3236 <226>
255 3150 418 3235 λυπηθεὶς
441 3149 471 3216 δ’
498 3149 551 3236 ἐφ’
577 3152 640 3240 ὅτῳ
665 3151 911 3235 πιστωσάμενος
933 3151 994 3233 τὴν
1012 3160 1072 3216 τοῦ
1092 3169 1107 3216 7

53 3262 216 3326 Σαούλου
233 3263 428 3343 προαίρεσιν
444 3255 604 3341 Ἰωνάθης
623 3257 683 3323 οὐκ
702 3261 841 3339 ἔπεισεν,
861 3255 1010 3341 ἐπηρώτα
1027 3260 1073 3322 τί-

14 3382 39 3424 ⁸⁰
52 3390 113 3444 νος
126 3364 160 3443 ἐξ
174 3363 279 3430 αὐτοῦ
293 3366 447 3448 βούλεται
459 3376 580 3449 τυχεῖν.
604 3363 622 3429 ὃ
637 3363 677 3429 δέ
685 3360 772 3429 (οἶδα
785 3362 860 3446 γάρ’
877 3365 940 3446 ἔφη
956 3362 1073 3429 πάντα

127 3491 215 3552 ςεεε
236 3512 270 3532 =
291 3485 535 3556 1Reg.XIX21.

107 3586 235 3627 Ionum.
254 3585 285 3624 Π,
918 3583 939 3631 δ,
