2400 3840
121 130 163 194 26
490 133 764 187 ΔΡΧΑΙΟΔΟΓΙΑΣ

117 299 186 358 λῶν
204 291 317 359 ἐθνῶν
336 289 432 377 εἶναι,
450 298 629 379 πολεμίους
647 295 871 370 ὑπονοοῦντες
885 293 1052 378 ἀλλήλους
1070 292 1135 382 (καὶ

116 401 179 483 γὰρ
204 405 333 479 εἴκαζον
356 401 520 486 ἀναβῆναι
542 402 626 486 πρὸς
648 401 771 478 αὐτοὺς
793 411 861 465 τῶν
875 398 1042 486 Ἑβραίων
1065 400 1136 486 οὐχὶ

116 508 194 584 τοὺς
213 508 275 573 δύο
295 505 433 593 μόνους)
451 509 499 584 είς
517 507 624 591 μάχην
644 505 834 594 ἐτράποντο.
871 504 926 570 καὶ
946 511 984 572 οΐ
999 504 1062 591 μὲν
1081 509 1136 573 αύ-

116 624 184 678 τῶν
207 613 420 697 ἀπέθνησκον
442 616 657 699 κτεινόμενοι,
680 610 769 690 τινὲς
792 610 830 678 δέ
850 614 1035 697 φεύγοντες
1057 616 1136 680 κατὰ

116 731 184 785 τῶν
206 733 337 805 πετρῶν
359 720 549 805 ὠθούμενοι
571 723 874 806 κατεκρημνίζοντο.
1148 738 1158 778 ⁵

81 852 97 900 3
184 827 292 909 <115>
306 838 373 891 τῶν
392 823 430 890 δὲ
446 835 506 890 τοῦ
522 828 679 892 Σαούλου
697 829 915 891 κατασκόπων
935 827 1136 913 τεταράχθαι

116 934 153 997 τὸ
173 932 397 1015 στρατόπεδον
411 943 479 997 τῶν
493 937 730 998 Παλαιστινών
744 931 946 1018 φρασάντων
961 943 1031 998 τῶν
1046 937 1136 1018 βασι-

115 1045 181 1118 λεῖ,
212 1037 366 1114 Σάουλος
398 1038 508 1124 ήρώτα
540 1040 584 1122 μή
616 1063 667 1116 τις
694 1045 745 1123 είη
772 1049 843 1103 τῶν
870 1039 974 1103 αὑτοῦ
1002 1062 1136 1126 κεχωρι-

116 1140 243 1226 σμένος.
286 1143 430 1220 ἀκούσας
449 1141 486 1208 δὲ
504 1147 564 1209 τὸν
582 1142 732 1232 υίὸνζκαὶ
756 1147 820 1210 σὺν
843 1145 932 1233 αύτῷ
955 1147 1016 1210 τὸν
1039 1146 1135 1212 ὁπλο-

115 1253 224 1335 φόρον
261 1249 407 1333 ἀπεῖναι,
444 1251 570 1316 κελεύει
607 1252 667 1316 τὸν
703 1249 857 1337 ἀρχιερέα
893 1254 1040 1334 λαβόντα
1077 1253 1135 1336 τήν
1148 1269 1168 1309 1⁰

115 1357 347 1443 ἀρχιερατικὴν
370 1357 492 1439 στολήν
515 1358 738 1442 προφητεύειν
762 1357 851 1446 αὐτῷ
875 1355 1039 1443 περὶτῶν
1063 1364 1136 1442 μελ-

115 1466 251 1529 λόντων.
297 1472 358 1528 τοῦ
385 1459 423 1527 δὲ
450 1466 547 1545 νίκην
576 1465 712 1528 ἔσεσθαι
735 1459 794 1551 {nal
822 1463 941 1550 κράτος
963 1465 1047 1528 κατά
1071 1476 1137 1529 τῶν

114 1573 282 1653 πολεμίων
296 1569 496 1655 φράσαντος,
516 1566 719 1654 ἐπεξέρχεται
738 1582 808 1647 τοῖς
822 1574 1063 1647 Παλαιστινοίς
1081 1569 1135 1635 καὶ

114 1673 369 1761 τεταραγμένοις
399 1675 600 1760 προσβάλλει
634 1673 690 1740 καὶ
723 1678 928 1759 φονεύουσιν
961 1675 1133 1759 ἀλλήλους.

116 1783 223 1866 <116>
247 1781 448 1869 προσρέουσι
467 1779 498 1846 δ’
520 1779 682 1870 αὐτῷκαὶ
701 1784 736 1846 οί
751 1785 914 1868 πρότερον
935 1789 983 1859 είς
1002 1805 1037 1847 τε
1054 1786 1134 1860 τοὺς
1147 1801 1169 1842 15

115 1891 306 1975 ὑπονόμους
322 1889 378 1956 καὶ
393 1892 441 1966 είς
454 1891 494 1954 τά
511 1890 653 1971 σπήλαια
672 1891 914 1972 συμφυγόντες,
932 1887 1134 1965 ἀκούσαντες

115 1998 166 2061 ὅτι
189 2008 265 2082 νικᾷ
285 1997 446 2072 Σάουλος.
493 1992 682 2079 γενομένων
706 1991 736 2058 δ’
759 1994 803 2070 ὡς
826 1998 955 2080 μυρίων
978 1995 1043 2078 ήδη
1065 2006 1134 2060 τών

111 2100 289 2184 Ἑβραίων,
322 2103 434 2166 διώκει
461 2104 540 2177 τοὺς
566 2104 744 2185 πολεμίους
773 2102 855 2165 κατὰ
882 2109 992 2166 πᾶσαν
1020 2100 1133 2187 ἐσκορ-

115 2204 295 2289 πισμένους
321 2206 383 2287 τήν
410 2206 531 2290 χώραν.
577 2212 642 2271 εἴτε
670 2204 701 2270 δ’
731 2207 795 2272 ὑπὸ
823 2215 882 2291 τῆς
910 2204 963 2271 ἐπὶ
990 2216 1029 2292 τῇ
1057 2211 1133 2292 νίκη

114 2320 216 2395 χαρᾶς
244 2310 329 2374 ούτω
357 2312 554 2395 παραλόγως
585 2310 747 2395 γενομένη
775 2310 965 2397 (συμβαίνει
996 2314 1060 2399 γάρ
1087 2314 1132 2398 μή
1147 2334 1171 2372 20

113 2428 248 2500 κρατεῖν
274 2424 334 2480 τοῦ
362 2421 523 2499 λογισμοῦ
550 2418 628 2492 τοὺς
651 2415 757 2492 οὕτως
782 2418 1039 2503 εὐτυχήσαντας)
1064 2417 1130 2484 εἴθ’

113 2520 170 2589 ὑπ’
201 2521 352 2605 ἀγνοίας,
385 2524 432 2599 είς
465 2522 578 2588 δεινὸν
609 2525 786 2609 προπίπτει
816 2522 871 2589 καὶ
899 2525 1027 2608 πολλήν
1056 2529 1133 2611 ἔχον

113 2631 320 2715 κατάμεμψιν
351 2632 458 2716 ἔργον.
508 2631 626 2716 (117)
659 2633 861 2716 βουλόμενος
890 2633 952 2716 γάρ
981 2632 1071 2720 αὑτῷ
1098 2657 1133 2698 τε

114 2748 298 2825 τιμωρῆσαι
312 2736 367 2803 καὶ
386 2740 483 2821 δίκην
501 2738 682 2825 ἀπολαβεῖν
700 2740 789 2824 παρά
804 2749 872 2803 τῶν
886 2742 1134 2822 Παλαιστινσον,

116 2844 274 2928 ἐπαρᾶται
301 2857 371 2921 τοῖς
394 2842 574 2930 Ἑβραίοις,
606 2842 651 2910 ἵν’
682 2850 716 2908 εί
742 2867 792 2918 τις
821 2843 1046 2928 ἀποσχόμενος
1072 2854 1133 2910 τοῦ
1147 2863 1172 2903 2⁵

114 2950 273 3033 φονεύειν
295 2952 373 3024 τοὺς
397 2948 541 3031 ἐχθρούς
564 2950 676 3031 φάγοι,
698 2945 754 3012 καὶ
777 2949 821 3031 μή
845 2948 939 3035 μέχρι
960 2948 1020 3027 νὺξ
1041 2949 1133 3017 ἐπελ-

113 3064 223 3122 θοῦσα
246 3063 304 3138 τῆς
327 3050 527 3138 ἀναιρέσεως
548 3052 603 3118 καὶ
626 3062 684 3136 τῆς
708 3052 851 3132 διώξεως
872 3055 994 3132 αὐτοὺς
1012 3058 1132 3123 παύσει

113 3173 180 3227 τῶν
212 3163 394 3245 πολεμίων,
426 3153 523 3234 οὗτος
556 3157 717 3242 ἐπάρατος
749 3166 808 3242 είη.
860 3162 969 3244 <118>
1002 3172 1063 3227 τοῦ
1096 3160 1133 3228 δὲ

114 3269 271 3334 Σαούλου
290 3276 387 3333 τοῦτο
407 3266 585 3350 φήσαντος,
609 3262 678 3329 ἐπεὶ
697 3266 780 3330 κατά
798 3290 873 3332 τινα
893 3266 1041 3353 ἀρυμών’
1063 3268 1132 3353 ἐγέ-

113 3395 213 3437 νοντο
232 3377 344 3457 βαθύν
362 3371 417 3439 καὶ
437 3378 597 3458 μελιττῶν
616 3369 768 3455 γέμοντα,
786 3382 845 3456 τῆς
856 3371 1041 3456 Ἐφραίμου
1054 3382 1131 3459 κλη-
1145 3393 1171 3432 ⁸0

185 3494 583 3562 §114=1Reg.XIV15.
