2400 3840
518 136 617 186 οΚΤΗ
1031 136 1075 200 47

56 288 110 356 κοιλ
133 292 315 375 συμβαλὼν
341 295 486 370 πολλοὺς
513 293 624 359 αὐτῶν
646 292 830 378 ἀπέκτεινε,
857 294 912 361 καὶ
939 299 1077 380 νικήσας

57 395 206 462 ἐπάνεισι
233 400 317 483 πρὸς
343 400 404 466 τὸν
430 398 577 484 βασιλέα.
622 400 839 485 προσδέχεται
866 400 898 467 δ’
926 403 1029 468 αὐτὸν
1057 405 1075 470 ὁ

56 503 211 581 Σάουλος
235 505 295 588 οὐχ
319 505 363 581 ὡς
385 505 524 587 ἤλπισεν
546 506 611 572 άπὸ
632 515 693 572 τοῦ
710 509 977 595 κατορθώματος,
1001 506 1073 575 ἀλλ’

56 609 119 676 ὑπὸ
142 618 204 694 τῆς
226 611 408 698 εὐπραγίας
424 612 529 678 αὐτοῦ
548 611 710 695 λυπηθεὶς
731 614 776 690 ὡς
799 612 1076 700 ἐπισφαλέστερος

34 717 156 794 σαάτὸς
170 715 288 783 ἐκτῶν
302 716 432 784 ἐκείνου
444 717 596 805 πράξεων
610 723 796 804 γενόμενος.
829 720 938 803 <214>
954 717 1023 786 ἐπεὶ
1038 717 1076 786 δέ

55 824 157 890 πάλιν
179 825 371 909 προσελθὸν
393 825 496 890 αὐτὸν
518 826 556 890 τὸ
575 827 751 910 δαιμόνων
770 825 928 911 ἐθορύβει
945 836 1076 911 πνεῦμα

55 927 110 995 καὶ
133 929 370 1014 συνετάραττε,
396 929 537 1007 καλέσας
564 932 612 1008 είς
638 933 676 997 τὸ
700 932 868 1015 δωμάτιον
891 932 928 998 ἐν
951 927 977 1021 ᾧ
999 957 1076 998 κατ-

56 1033 171 1120 έκειτο,
194 1035 343 1119 κατέχων
364 1039 402 1102 τὸ
425 1038 509 1124 δόρυ
531 1035 710 1123 προσέταξε
728 1047 773 1126 τῷ
791 1044 910 1128 ψαλμῷ
931 1036 1076 1116 καὶτοῖς

54 1141 175 1227 ὕμνοις
209 1140 339 1229 ἐξᾴδειν
375 1143 486 1208 αὐτόν.
540 1143 669 1209 ἐκείνου
706 1140 743 1208 δὲ
778 1147 818 1210 τά
853 1144 1075 1211 κελευσθέντα

24 1257 235 1324 νποιοῦντος
252 1249 501 1332 διατεινάμενος
519 1248 681 1327 ἀκοντίζει
699 1251 736 1314 τὸ
756 1251 848 1335 δόρυ.
884 1249 940 1315 καὶ
958 1253 995 1316 τὸ
1015 1249 1076 1335 μὲν

55 1355 277 1440 προϊδόμενος
295 1354 313 1419 ὁ
327 1356 480 1437 Δαυίδης
494 1353 647 1438 ἐξέκλινε,
666 1357 783 1438 φεύγει
798 1354 829 1419 δ’
847 1358 895 1433 είς
908 1359 968 1422 τὸν
982 1352 1076 1422 οίκον

55 1461 113 1525 τὸν
137 1460 253 1543 αὑτοῦ,
275 1457 331 1524 καὶ
354 1458 399 1524 δι’
426 1460 504 1543 όλης
527 1462 656 1544 ἔμεινεν
678 1460 802 1546 ἡμέρας
824 1461 955 1527 αὐτόθι.

122 1567 234 1650 <215>
256 1567 376 1642 νυκτὸς
399 1562 437 1631 δέ
458 1564 589 1651 πέμψας
612 1567 630 1632 ὁ
649 1570 805 1652 βασιλεὺς
823 1567 995 1633 ἐκέλευσεν
1017 1568 1075 1633 αὐ·
1095 1587 1111 1636 4

56 1675 113 1740 τὸν
137 1675 215 1758 άῃρι
236 1681 296 1756 τῆς
319 1672 362 1740 ἔω
385 1673 624 1758 φυλάττεσθαι,
650 1674 695 1757 μη
717 1672 772 1738 καὶ
795 1673 884 1758 λάθῃ
906 1679 1077 1751 παντελῶς

26 1780 190 1865 θάφανὴς
210 1781 400 1864 γενόμενος,
423 1781 479 1845 ἵνα
501 1783 770 1865 παραγενόμενος
793 1782 840 1855 είς
862 1781 899 1844 τὸ
923 1780 1076 1862 δικαστη-

57 1910 132 1971 ριον
163 1884 221 1952 καὶ
252 1888 359 1971 κρίσει
390 1887 561 1971 παραδοὺς
592 1885 778 1969 ἀποκτείνῃ.
823 1885 960 1968 Μιχάλα
993 1881 1024 1948 δ’
1054 1883 1075 1967 ἡ

56 1993 141 2075 γυνὴ
160 1993 328 2075 Δαυίδου,
350 1991 502 2076 θυγάτηρ
526 1987 563 2066 δέ
582 1999 642 2055 τοῦ
661 1988 832 2075 βασιλέως,
854 1991 916 2074 την
933 1999 994 2055 τοῦ
1014 2012 1076 2055 πα-

56 2100 133 2184 τρὸς
147 2103 304 2182 μαθοῦσα
319 2097 473 2163 διάνοιαν
486 2095 604 2181 τάνδρὶ
618 2100 815 2181 παρίσταται
830 2098 941 2174 δειλὰς
955 2100 1076 2183 ἐχουσα

56 2206 112 2283 τάς
144 2202 222 2289 περὶ
254 2203 357 2269 αὐτοῦ
390 2201 541 2285 ἐλπίδας,
572 2200 628 2267 καὶ
659 2200 735 2288 περὶ
764 2211 823 2286 τῆς
853 2205 941 2280 ἰδίας
967 2213 1076 2288 ψυχῆς

24 2324 46 2366 ¹⁹
56 2310 247 2392 ἀγωνιῶσα·
266 2304 346 2374 οὐδὲ
363 2309 428 2393 γάρ
446 2308 529 2391 αὐτη
544 2311 602 2391 ζῆν
620 2309 800 2395 ὑπομενεῖν
818 2308 947 2375 ἐκείνου
962 2327 1075 2397 στερη-

55 2423 164 2482 θεῖσα.
207 2416 318 2498 <216>
338 2411 405 2479 ξκαὶ
423 2416 467 2497 μό
486 2413 534 2478 σε’
553 2419 657 2499 φησίν
677 2416 781 2498 Ἥλιος
800 2414 962 2481 ἐνταυθοῖ
977 2440 1075 2481 κατα-

55 2523 153 2607 λάβῃ·
177 2519 220 2586 οὐ
242 2521 306 2607 γάρ
326 2517 370 2585 ἐτ’
392 2522 511 2597 όψεταί
532 2537 577 2585 σε.
623 2530 727 2604 φεῦγε
748 2518 792 2602 δ’,
816 2521 877 2597 ἕως
899 2525 997 2587 τοῦτό
1021 2540 1075 2588 σοι

55 2629 197 2693 δύναται
219 2638 402 2711 παρασχεῖν
420 2624 440 2707 ἡ
458 2634 611 2709 παροῦσα
628 2624 700 2708 νύξ,
723 2623 778 2690 καί
796 2627 944 2708 ποιήσειε
965 2625 1004 2689 δέ
1021 2644 1074 2692 σοι

54 2736 180 2816 ταύτην
203 2732 222 2799 ὁ
244 2733 326 2809 θεὸς
348 2730 567 2818 μακροτέραν·
592 2737 665 2795 ῖσθι
682 2731 757 2814 γάρ,
780 2729 823 2795 άν
846 2730 988 2814 εὑρεθῇς
1009 2731 1074 2796 ὑπὸ

24 2849 113 2905 ῖτοῦ
131 2839 269 2923 πατρός,
292 2836 539 2922 ἀπολούμενος.’
584 2837 694 2920 <217>
712 2833 768 2901 καὶ
786 2837 999 2919 καθιμήσασα
1018 2837 1075 2901 διά

54 2946 200 3033 θυρίδος
217 2943 322 3009 αὐτὸν
340 2941 506 3021 ἐξέσωσεν.
544 2946 654 3008 ἔπειτα
673 2942 862 3007 σκεπάσασα
880 2943 941 3025 την
956 2944 1075 3024 κλίνην

55 3051 97 3129 ὡς
121 3048 177 3116 ἐπὶ
201 3056 370 3132 νοσοῦντι,
391 3047 447 3114 καὶ
469 3050 635 3114 ὑποθεῖσα
653 3059 723 3123 τοῖς
743 3052 968 3132 περιβολαίοις
986 3043 1074 3133 ἧπαρ

54 3159 159 3239 αίγός,
183 3152 240 3239 ἅμ’
259 3152 367 3241 ἡμέρα
388 3162 448 3219 τοῦ
466 3154 591 3240 πατρὸς
609 3153 710 3236 αὐτῆς
732 3152 923 3236 πέμψαντος
941 3150 995 3218 ἐπὶ
1015 3156 1074 3219 τὸν

53 3263 211 3344 Δαυίδην
234 3260 407 3346 ὠχλῆσθαι
430 3260 486 3324 διά
508 3267 566 3342 τῆς
584 3261 704 3335 νυκτὸς
723 3255 792 3323 εἷπε
811 3271 881 3335 τοῖς
898 3267 1074 3342 παροῦσιν,

20 3381 42 3423 ¹⁰
53 3366 247 3446 ἐπιδείξασα
264 3366 327 3449 τὴν
344 3369 464 3448 κλίνην
481 3363 814 3448 κατακεκαλυμμένην
833 3362 888 3428 καὶ
906 3374 952 3452 τῷ
970 3367 1074 3448 πηδή-

123 3491 215 3556 §214
235 3513 269 3532 ==
289 3493 304 3539 1
324 3486 395 3556 Reg.
413 3487 477 3539 XIX
493 3493 516 3540 9.
