2400 3840
101 171 104 175 >
118 144 163 210 58
490 146 764 199 ΔΡΧΑΙΟΔΟΓῙΔΣ

117 308 311 391 καιοσύνης,
339 308 473 391 ἔγγιστα
499 316 560 376 τοῦ
588 313 796 392 φθονεῖσθαι
824 305 1056 391 γεγενημένοις
1083 305 1138 370 καί

117 424 198 481 πάσι
226 426 386 499 φανεροῖς
412 410 466 499 ἐφ’
492 403 544 490 οἷς
570 412 613 478 ἀν
640 414 809 496 νοήσωσιν
835 412 855 496 ή
884 412 1031 499 πράξωσι
1054 420 1139 477 καθ-

119 531 252 603 εστῶσι,
281 517 357 586 τόθ’
387 519 433 597 ὡς
460 517 570 584 οάκέτι
598 517 779 603 βλέποντος
806 518 928 596 αύτούς
954 528 1015 585 τοῦ
1042 526 1138 601 θεοῦ,

118 625 139 710 ή
163 627 219 692 διά
241 627 303 710 τήν
325 624 480 704 ἐξουσίαν
498 623 658 707 δεδιότος,
681 624 788 702 οὕτως
806 623 1044 709 ἐμπαροινοῦσι
1067 636 1138 702 τοῖς

116 733 317 819 πράγμασιν.
364 730 472 814 (266)
495 728 517 795 ἃ
540 727 571 796 δ’
597 730 639 796 ἀν
664 729 686 814 ή
708 735 908 816 φοβηθῶσιν
932 718 1166 808 ’ἀκούσαντεςῠ

34 826 38 834 ’
117 837 139 922 ή
169 840 353 923 μισήσωσιν
388 835 689 920 ἐθελοκακήσαντες
724 835 745 920 ή
783 835 961 922 στέρξωσιν
999 825 1138 920 ἀλόγως,

118 954 222 1010 ταῦτα
251 944 352 1029 κύρια
386 940 442 1009 καί
474 941 593 1027 βέβαια
624 939 680 1008 καὶ
712 942 823 1027 ἀληθή
856 941 910 1007 καί
944 942 1138 1028 ἀνθρώποις

117 1049 238 1136 ἀρεστά
259 1046 315 1115 καὶ
337 1055 407 1138 θεῷ
430 1050 581 1115 δοκοῦσι·
604 1060 672 1115 τῶν
695 1045 732 1113 δὲ
750 1042 944 1133 μελλόντων
960 1051 1059 1131 λόγος
1078 1048 1137 1113 αύ-

117 1167 187 1233 τοῖς
219 1151 299 1221 οὐδὲ
331 1146 391 1233 εἷς·
423 1154 533 1240 <267>
562 1155 646 1222 ἀλλὰ
677 1166 796 1248 τιμῶσι
827 1151 889 1240 μὲν
920 1156 999 1232 τοὺς
1030 1157 1138 1221 πολλὰ

116 1262 445 1348 ταλαιπωρήσαντας,
467 1263 663 1347 τιμήσαντες
690 1257 728 1326 δὲ
755 1266 942 1345 φθονοῦσι,
970 1258 1026 1325 καὶ
1053 1282 1137 1346 παρ·
1154 1278 1180 1317 10

116 1371 298 1452 αγαγόνιες
316 1365 365 1445 είς
383 1364 581 1451 ἐπιφάνειαν
595 1366 637 1433 ού
654 1368 775 1450 ταύτης
792 1366 1015 1451 ἀφαιροῦνται
1029 1369 1136 1451 μόνον

116 1477 195 1552 τοὺς
221 1477 451 1559 τετυχηκότας,
477 1472 562 1541 ἀλλὰ
589 1473 646 1539 διά
672 1474 797 1556 ταύτην
823 1470 885 1538 καὶ·
906 1482 967 1538 τού
996 1475 1053 1555 ξήν
1083 1471 1136 1537 ἐπὶ

105 1591 279 1665 ,πονηραῖς
300 1581 422 1658 αἰτίαις
447 1577 503 1645 καί
526 1576 572 1644 δι’
597 1580 787 1666 ὑπερβολήν
810 1579 921 1646 αὐτῶν
947 1577 1136 1656 ἀπιθάνοις.

115 1678 291 1765 κολάζουσι
314 1682 429 1751 δὀὐκ
451 1683 502 1751 ἀπ’
523 1687 634 1772 ἔργὀις
652 1682 746 1770 δίκης
768 1684 873 1765 ἀξίοις
893 1683 966 1752 ἀλλ’
989 1682 1041 1750 ἐπὶ
1064 1686 1136 1750 δια-

116 1795 232 1877 βολαῖς
258 1790 314 1858 καί
341 1795 554 1879 κατηγορίαις
580 1791 829 1877 ἀβασανίστοις,
857 1789 931 1857 οὐδ’
958 1792 1059 1868 ὅσους
1085 1792 1139 1856 δεῖ
1152 1807 1179 1849 1⁵

117 1906 216 1965 τοῦτο
238 1904 364 1965 παθεῖν
385 1896 458 1965 ἀλλ’
479 1898 580 1976 ὅσους
600 1898 792 1965 ἀποκτεῖναι
811 1898 981 1963 δύνανται.
1026 1895 1137 1980 <268>

117 2013 216 2069 τοῦτο
243 2004 398 2082 Σάουλος
423 2003 504 2088 ἡμῖν
531 2002 550 2071 ὁ
577 2006 703 2070 Κείσου
732 2015 825 2086 παῖς,
855 2003 873 2068 ὁ
900 2013 1030 2088 πρῶτος
1057 2004 1137 2086 μετά

116 2109 178 2191 τήν
201 2108 456 2196 ἀριστοκρατίαν
482 2107 538 2175 καὶ
560 2109 622 2193 τήν
645 2107 699 2175 ἐπὶ
721 2121 792 2187 τοῖς
813 2120 941 2195 κριταῖς
964 2111 1137 2174 πολιτείαν

113 2212 277 2299 Ἑβραίων
303 2215 516 2298 βασιλεύσας,
544 2216 692 2300 φανερόν
721 2217 892 2297 πεποίηκε,
924 2217 1135 2299 τριακοσίους

117 2318 313 2396 ἀποκτείνας
331 2317 438 2405 ίερίας
450 2316 506 2384 καί
519 2321 693 2405 προφήτας
706 2318 742 2385 ἐκ
760 2327 819 2404 τής
833 2321 918 2405 πρὸς
929 2317 1137 2404 Ἀχιμέλεχον
1152 2337 1179 2378 ιο

116 2424 276 2508 ὑποψίας,
304 2422 554 2508 ἐπικαταβαλὼν
580 2421 612 2488 δ’
637 2423 752 2503 αὐτοῖς
772 2422 829 2490 καὶ
855 2425 917 2508 τήν
940 2426 1054 2507 πόλιν,
1082 2423 1137 2489 καὶ

117 2531 177 2597 τὸν
199 2532 309 2620 τρόπιμ
332 2528 400 2596 τινὶ
422 2531 506 2596 ναὸν
528 2530 722 2609 σπουδάσας
740 2529 857 2617 ίερίων
880 2527 936 2596 καὶ
954 2542 1137 2616 προφητῶν

118 2639 242 2724 ἔρημον
267 2645 483 2723 καταστῆσαι,
509 2637 690 2715 τοσούτους
712 2633 774 2724 μὲν
796 2637 941 2721 ἀνελών,
969 2649 1079 2722 μεῖναι
1103 2635 1134 2701 δ’

119 2743 217 2822 ἐάσας
240 2741 319 2841 οὐδὲ
341 2745 404 2829 τήν
425 2745 569 2830 πατρίδα
591 2742 702 2810 αὐτῶν
724 2745 808 2830 πρὸς
829 2747 867 2810 τὸ
885 2742 941 2809 καὶ
963 2740 1033 2828 μετ’
1055 2741 1137 2807 ἐκεί-

118 2872 200 2926 νους
221 2852 345 2927 ἀλλους
366 2848 535 2933 γενέσθαι.
1153 2866 1179 2906 2⁵

83 2970 100 3021 8
185 2953 294 3037 <269>
317 2953 336 3019 ὁ
359 2951 391 3018 δ’
414 2951 614 3039 Ἀβιάθαρος
643 2954 661 3020 ὁ
683 2963 744 3021 τοῦ
764 2951 973 3039 Ἀχιμελέχου
995 2966 1089 3037 παῖς,
1119 2956 1137 3021 ὁ

118 3063 220 3146 μόνος
249 3059 459 3143 διασωθῆναι
487 3056 649 3142 δυνηθεὶς
675 3058 711 3125 ἐκ
738 3068 799 3126 τοῦ
826 3058 946 3142 γάνους
973 3073 1041 3128 τῶν
1070 3062 1136 3128 ὑπὸ

120 3166 278 3233 Σαούλου
302 3163 542 3250 φονευθέντων
570 3164 702 3251 ίερέων,
730 3165 850 3249 φυγὼν
875 3168 959 3251 πρὸς
982 3169 1138 3252 Δαυίδην

120 3274 181 3357 τήν
204 3283 272 3338 τῶν
293 3273 436 3337 οἰκείων
449 3270 538 3360 αύτῷ
560 3271 739 3357 συμφορὰν
757 3269 902 3354 ἐδήλωσε
923 3271 979 3338 καὶ
997 3275 1058 3357 τήν
1076 3284 1137 3340 τοῦ

120 3379 244 3465 πατρὸς
267 3378 447 3464 ἀναίρεσιν.
492 3378 602 3462 <270>
621 3376 640 3444 ὃ
659 3374 691 3443 δ’
711 3375 773 3442 οάκ
795 3375 931 3460 ἀγνοεῖν
952 3381 1015 3464 ἔφη
1033 3389 1137 3446 ταῦτα
1152 3397 1179 3438 ιο

192 3504 280 3565 ςνιο
299 3524 334 3545 -
353 3504 367 3553 1
386 3498 454 3568 αις.
474 3496 608 3556 mm.
