2400 3840
94 170 161 233 246
461 169 736 223 APxAIOAomz

95 330 362 417 σκευασαμένους
393 328 431 397 δὲ
462 342 550 416 τρεῖς
576 331 670 407 τινάς
696 333 892 417 τολμηροὺς
922 336 1007 410 τοὺς
1033 356 1116 398 κατα-
1177 383 1179 389 ,,

94 439 365 525 μαρτυρήσοντας
385 436 490 502 αὐτοῦ
508 437 554 514 ὡς
571 439 632 502 τὸν
649 438 734 502 θεόν
750 432 781 502 τ’
804 443 859 521 εἴη
878 441 1117 524 βλασφημήσας

94 543 150 609 καὶ
172 546 232 610 τὸν
255 542 407 628 βασιλέα,
434 548 633 608 καταλεῦσαι
656 540 712 608 καὶ
734 542 846 633 τοότφ
870 545 1117 632 διαχρήσασθαι
1180 532 1181 537 ¹

94 660 140 738 τῷ
168 654 287 741 τρόπφ.
334 650 444 734 <359>
466 646 522 715 καί
546 649 730 735 Νάβονθος
751 645 833 734 μέν,
861 649 911 729 ὡς
936 650 1117 739 έγραψενή

94 759 286 840 βασίλισσα,
323 757 410 823 οὕτω
444 752 754 843 καταμαρτυρηθεὶς
784 759 1040 843 βλασφημῆσαι
1070 760 1134 824 τὸνὸ

94 865 178 927 θεόν
195 886 230 928 τε
249 859 304 927 καὶ
318 861 474 947 Ἄχαβον,
496 864 700 947 βαλλόμενος
717 862 782 928 ὑπὸ
799 871 866 928 τοῦ
886 867 1051 949 πλήθους
1068 865 1118 930 ἀπ-

95 967 229 1033 έθανεν·
259 968 428 1033 ἀκούσασα
455 964 493 1034 δὲ
520 976 625 1034 ταῦτα
651 968 671 1051 ή
697 965 861 1053 Ἰεζαβέλη
891 975 1020 1036 εἴσεισι
1046 974 1117 1058 πρὸς
1179 981 1180 984 ’

93 1075 153 1138 τὸν
175 1071 313 1156 βασιλέα
335 1071 389 1138 καὶ
412 1079 633 1160 κληρονομεῖν
649 1075 710 1140 τὸν
728 1075 926 1159 Ναβούθον
944 1076 1116 1163 ἀμπελῶνι
1151 1082 1152 1086 ’

93 1190 214 1265 προῖκα
238 1178 417 1245 ἐκέλευσεν.
460 1181 568 1264 <360>
592 1181 610 1247 ὁ
634 1178 665 1246 δ’
686 1179 829 1265 Ἄχαβος
852 1179 953 1267 ήσθη
978 1197 1053 1264 τοῖς
1073 1207 1115 1268 γε
1178 1250 1180 1262 η,

94 1283 302 1372 γενημένοις,
326 1284 381 1351 καὶ
405 1286 619 1371 ἀναπηδήσας
640 1286 705 1353 ἀπὸ
727 1296 786 1369 τῆς
807 1290 931 1372 κλίνης
956 1290 1115 1377 ὀψόμενος
1123 1309 1139 1350 ιι

92 1387 152 1474 ήκε
177 1395 237 1458 τὸν
259 1393 435 1479 ἀμπελῶνα
457 1394 517 1458 τὸν
541 1394 737 1478 Ναβοόθον.
782 1390 1028 1478 ἀγανακτήσας
1050 1395 1115 1462 δ’ὁ

93 1499 174 1574 θεὸς
205 1496 324 1582 πέμπει
351 1500 411 1564 τὸν
438 1500 613 1584 προφήτην
637 1497 755 1564 Ἠλίαν
782 1499 830 1575 είς
850 1501 897 1564 τὸ
928 1504 1114 1587 Ναβοόθον
1150 1510 1177 1525 “

92 1606 226 1689 χωρίον,
241 1602 368 1694 Ἀχάβμ
383 1608 618 1689 συμβαλοῦντα
630 1602 687 1670 καὶ
700 1602 776 1691 περὶ
789 1614 858 1670 τῶν
870 1608 1115 1695 πεπραγμένων
1151 1609 1152 1612 ’

94 1706 296 1794 ἐρησόμενον
318 1710 337 1776 ό
360 1734 392 1776 τι
414 1713 545 1789 κτείνας
566 1713 627 1778 τὸν
648 1710 758 1795 ἀληθῆ
783 1711 954 1796 δεσπότην
977 1724 1044 1780 τοῦ
1061 1739 1114 1801 χω
1151 1712 1152 1715 '

94 1819 170 1902 ρίου
195 1817 473 1904 κληρονομήσειεν
496 1816 596 1894 αὐτὸς
619 1815 748 1894 ἀδίκως.
793 1815 905 1900 <361>
931 1818 980 1896 ὡς
1005 1819 1039 1886 δ’
1064 1816 1151 1904 ήκειν
1193 1807 1196 1840 1

93 1925 177 2009 πρὸς
200 1924 312 2008 αὐτόν,
336 1926 486 2001 εἰπόντος
507 1932 569 1990 τοῦ
591 1921 753 2008 βασιλέως
771 1922 789 1988 ό
806 1943 839 1988 τι
857 1924 1024 2007 βούλεται
1043 1927 1113 2014 χρή

95 2037 219 2095 σασθαι
247 2031 336 2118 αὐτῷ
364 2028 517 2117 (αἰσχρὸν
545 2030 608 2116 γάρ
635 2025 721 2095 εἶναι
745 2026 797 2114 ἐφ’
823 2027 1040 2116 ἁμαρτήματι
1063 2040 1113 2116 λη-

94 2141 226 2216 φθῆναι
247 2133 304 2200 ὑπ’
330 2135 460 2220 αὐτοῦ),
482 2134 553 2200 κατ’
576 2135 704 2202 έκείνον
728 2138 791 2220 ἔφη
814 2137 875 2200 τὸν
896 2139 1007 2203 τόπον
1033 2133 1112 2226 ένβ
1157 2157 1158 2160 ’

93 2241 153 2302 τὸν
176 2241 363 2322 Ναβοόθου
391 2243 511 2326 νεκρὸν
537 2242 603 2306 ὑπὸ
630 2254 744 2308 κυνῶν
772 2243 1013 2325 δαπανηθῆναι
1039 2261 1112 2311 σνν-

94 2341 167 2426 έβη,
195 2345 233 2407 τό
260 2341 289 2408 τ’
316 2344 419 2409 αὐτοῦ
447 2337 527 2428 αἷμα
553 2343 608 2409 καὶ
635 2350 673 2411 τὸ
702 2358 760 2434 τῆς
786 2349 946 2432 γυναικὸς
968 2353 1159 2434 χυθήσενῚ
1190 2332 1196 2368 ³

93 2454 190 2532 σθαι,
222 2448 277 2515 καὶ
308 2459 375 2516 πᾶν
407 2452 510 2516 αὐτοῦ
538 2452 575 2515 τὸ
603 2449 701 2533 γε’νος
728 2453 941 2536 ἀπολεῖσθαι,
975 2466 1111 2522 τοιαῦτα

93 2554 252 2641 ἀσεβῆσαι
275 2561 510 2645 τετολμηκότος
529 2554 585 2623 καί
604 2561 693 2645 παρὰ
711 2562 969 2645 τοὺςπατρίους
988 2565 1111 2648 νόμους

92 2667 233 2750 πολίτην
264 2667 386 2745 ἀδίκως
414 2668 624 2754 ἀνηρηκότος.
669 2665 779 2750 <362>
803 2663 928 2754 Ἀχάβφ
958 2663 998 2732 δὲ
1026 2670 1110 2750 λύπη

92 2782 161 2837 τῶν
183 2774 423 2860 πεπραγμένων
446 2777 582 2858 εἰσῆλθε
603 2769 659 2836 καὶ
682 2771 871 2856 μετάμελος,
893 2769 950 2836 καὶ
972 2778 1111 2840 σακκίον
1194 2863 1196 2867 y

93 2875 316 2962 ἐνδυσάμενος
339 2892 478 2963 γυμνοίς
501 2890 571 2955 τοίς
593 2874 671 2942 ποσὶ
696 2877 822 2960 διῆγεν,
844 2877 906 2961 οὐχ
925 2876 1142 2964 ἀπτόμενοςθ
1193 2870 1196 2898 ²

91 2992 234 3068 τροφῆς,
262 2983 596 3068 ἀνθομολογούμενός
623 3006 658 3047 τε
684 2983 723 3047 τά
746 2980 959 3070 ἡμαρτημένα
983 2986 1031 3064 ὡς
1053 2990 1111 3053 τὸν
1169 3014 1170 3020 “

92 3090 176 3153 θεὸν
199 3088 305 3165 οὕτως
327 3087 548 3172 ἐξευμενίζων.
586 3087 604 3152 ὃ
627 3085 665 3152 δὲ
683 3091 805 3167 ζῶντος
817 3085 885 3176 ,μὲν
903 3090 1009 3157 αὐτοῦ
1028 3096 1111 3180 πρὸς

91 3196 152 3258 τὸν
174 3195 350 3279 προφήτην
373 3188 464 3259 εἶπεν
485 3196 747 3280 ὑπερβαλεῖσθαι
766 3196 827 3279 τήν
845 3205 906 3262 τοῦ
925 3195 1047 3280 γένους
1065 3224 1112 3265 τι·

92 3303 231 3385 μωρίαν,
258 3297 327 3365 ἐπεὶ
351 3310 420 3375 τοίς
442 3298 695 3386 τετολμημένοις
717 3313 880 3387 μετανοεῖ,
902 3302 1051 3391 τελέσειν
1076 3304 1112 3371 δὲ

90 3404 153 3487 τήν
176 3405 316 3488 ἀπειλὴν
339 3402 392 3469 ἐπὶ
414 3414 460 3492 τῷ
482 3409 545 3495 υίῷ
568 3414 628 3474 τοῦ
648 3402 797 3489 Ἇχάβου.
1123 3426 1147 3468 ω

164 3528 245 3591 ςεω
266 3552 299 3572 =
319 3526 418 3595 επις.
438 3525 502 3580 xxl
518 3533 559 3583 ιε.
