2400 3840
113 150 178 214 136
487 151 761 204 εειεειοιιοτιετ

109 311 275 402 Ῥοβοάμῳ
304 318 431 398 γίνεται
459 325 537 390 παῖς
564 313 582 379 ὁ
611 313 846 398 διαδεξάμενος
872 314 937 397 τήν
965 318 1133 399 βασιλείαν

111 418 230 505 Ἀβίας.

180 526 235 592 καὶ
267 524 399 613 περὶμ
400 523 437 591 δν
464 527 593 591 τούτων
621 525 658 591 ἐν
685 525 838 613 ὑστέροις
867 529 1074 614 οἰκειότερον
1100 536 1134 612 τή

115 635 244 722 ίστορίᾳ
272 634 478 718 δηλώσομεν·
512 633 592 763 μετὰ
621 628 659 697 δὲ
685 633 747 716 τήν
727 631 1002 718 νἈβεσαλώμου
1030 638 1136 698 τελευ-

77 757 95 804 4
114 765 175 823 την
194 741 212 807 ὁ
231 737 292 825 μὲν
317 741 450 816 λαὸςί
419 763 467 816 ες
489 739 529 804 τά
552 740 658 804 οίκεῐα
682 739 854 826 διεσπάρη,
878 739 989 824 <245>
1007 736 1158 824 Ἀχιμάςι

116 845 191 913 δ’ὁ
216 847 381 911 Σαδώκου
407 855 468 911 τοῦ
497 844 675 940 ἀρχιερέως
697 846 772 922 υίὸς
791 843 913 934 Ἰωάβῳ
937 848 1137 931 προσελθὼν

115 953 221 1019 ἐδεῖτο
246 952 349 1016 αὐτοῦ
372 951 434 1034 τήν
457 956 555 1034 νίκην
579 950 751 1037 ἐπιτρέψαι
776 951 980 1037 πορευθέντι
1002 953 1136 1036 Δαυίδη

116 1068 276 1143 μηνῦσαι,
303 1055 358 1121 καὶ
387 1057 438 1122 ὅτι
466 1067 525 1141 τής
551 1060 639 1144 παρὰ
667 1067 727 1123 τοῦ
750 1065 834 1124 θεοῦ
858 1061 1022 1142 βοηθείας
1047 1060 1137 1142 ἔτυχε

114 1162 169 1229 καὶ
192 1166 352 1249 προνοίας
376 1163 666 1246 εὐαγγελίσασθαι.
711 1165 819 1248 <246>
838 1160 894 1228 καὶ
916 1165 978 1230 τὸν
1001 1164 1076 1248 μέν,
1100 1163 1137 1228 οὐ

115 1271 294 1357 προσήκειν
318 1271 421 1334 είπών
439 1270 528 1357 αὐτῷ
550 1276 662 1335 καλῶν
683 1272 824 1353 άγγελον
843 1268 894 1335 ἀεὶ
912 1270 1136 1355 γεγενημένον
1147 1289 1168 1329 ιι

116 1387 180 1444 νῦν
195 1376 327 1443 ἀπιέναι
347 1377 540 1458 δηλώσοντα
559 1376 710 1441 θάνατον
726 1386 771 1463 τῷ
791 1380 923 1460 βασιλεῖ
937 1386 1000 1442 τοῦ
1019 1379 1138 1454 παιδὸς

117 1484 235 1565 αὐτοῦ,
268 1481 382 1567 μένειν
414 1481 525 1565 ήξίου,
558 1480 698 1559 καλέσας
731 1479 768 1547 δὲ
795 1485 854 1548 τὸν
881 1482 989 1548 Χουσὶ
1023 1482 1136 1572 ἐκείνω

116 1586 294 1674 προσέταξε
312 1582 467 1673 τοῦργον,
486 1585 531 1653 ἵν’
548 1589 628 1674 ὅπερ
648 1588 748 1665 αὐτὸς
767 1583 845 1672 εἶδε,
863 1597 961 1654 τοῦτο
981 1591 1138 1674 μηνύσειε

117 1703 161 1784 τῷ
190 1698 329 1778 βασιλεῖ.
386 1695 506 1779 <24λ>
534 1703 594 1760 τοῦ
623 1692 654 1758 δ’
681 1691 796 1779 Ἀχιμᾶ
828 1694 930 1759 πάλιν
957 1694 1138 1778 δεηθέντος

118 1802 207 1891 αὐτῷ
237 1801 298 1885 τήν
329 1800 488 1885 ἀγγελίαν
522 1800 652 1885 ἐφεῖναι
680 1798 775 1887 (περὶ
802 1803 906 1884 μάνης
937 1801 1002 1887 γάρ
1034 1803 1139 1885 αὐτήν
1150 1818 1171 1860 1⁵

117 1911 317 1993 ποιήσεσθαι
340 1919 399 1993 τής
421 1913 529 1992 νίκης,
556 1907 737 1992 ἡσυχάσειν
760 1903 797 1972 δὲ
824 1905 900 1992 περὶ
927 1916 987 1990 τής
1008 1904 1138 1992 Ἀβεσα-

119 2018 232 2101 λώμου
256 2013 422 2102 τελευτής)
448 2014 625 2100 ἐπέτρεψεν
648 2015 737 2103 αὐτῷ
760 2014 821 2098 τήν
843 2015 928 2100 πρὸς
949 2015 1010 2079 τὸν
1034 2018 1138 2080 Δαυί-

119 2124 183 2202 δην
206 2122 330 2204 άφιξιν.
367 2120 422 2185 καὶ
445 2122 507 2202 τήν
531 2119 776 2207 ἐπιτομωτέραν
795 2120 944 2204 ἐκλαβὼν
961 2131 1031 2186 τῶν
1050 2122 1139 2188 ὁδῶν

120 2224 193 2311 (καὶ
221 2227 284 2308 γάρ
313 2227 415 2308 μόνος
442 2225 547 2306 αὐτὴν
575 2224 751 2312 ἐγίνωσκε)
779 2229 839 2292 τὸν
867 2225 973 2293 Χουσὶ
1002 2227 1138 2312 φθάνει.

119 2331 228 2413 <248>
246 2332 348 2406 καθεζ
333 2328 455 2417 ζομένῳ
480 2325 517 2393 δὲ
539 2331 674 2414 Δαυίδη
698 2332 819 2413 μεταξὺ
842 2345 910 2400 τῶν
932 2340 1061 2418 πυλών,
1083 2331 1171 2399 καὶεῡ

119 2433 329 2520 περιμένοντι
348 2432 421 2499 πότ’
439 2433 527 2499 αὐτώ
546 2459 597 2512 τις
616 2434 763 2502 ἐλθὼν’
746 2439 810 2503 απὸ
829 2449 888 2524 τής
906 2440 1011 2524 μάχης
1035 2441 1138 2525 άπαγ

119 2544 212 2626 γείλη
231 2543 271 2606 τά
289 2565 349 2607 κατ
352 2539 492 2627 ἀὐτήν,
518 2554 586 2608 τῶν
604 2554 738 2609 σκοπῶν
756 2568 806 2621 τις
826 2547 957 2611 ίδὼν
926 2571 986 2612 τον
1003 2545 1140 2633 Ἀχιμὰν

80 2667 81 2671 ’
119 2647 289 2736 τρέχοντα,
312 2647 367 2714 καὶ
391 2651 487 2735 μήπω
510 2655 561 2728 τίς
584 2650 653 2718 ἐστι
672 2654 833 2738 γνωρίσαι
853 2651 1049 2736 δυνάμενος,
1070 2649 1139 2719 εἷπε

120 2760 204 2844 πρὸς
231 2761 290 2824 τὸν
312 2760 468 2842 Δαυίδην
496 2757 630 2842 βλέπειν
657 2761 733 2825 τινδι
760 2761 1029 2844 παραγινόμενον
1057 2762 1139 2846 πρὸς

108 2865 233 2930 αὐτόν.
273 2866 382 2948 <249>
397 2875 457 2930 τοῦ
477 2862 507 2929 δ’
529 2867 672 2948 άγγελον
690 2865 783 2947 ήκειν
801 2867 970 2949 φήσαντος
988 2863 1139 2950 ἀγαθῶν,
1151 2882 1175 2924 2⁵

121 2968 190 3055 μετ’
217 2971 332 3052 ὀλίγον
360 2968 503 3034 ἕπεσθαί
527 2992 603 3033 τινα
630 2966 686 3032 καὶ
713 2968 826 3055 ἕτερον
851 2971 1017 3055 ἐδήλωσεν
1041 2973 1140 3062 αὐτῷ.

121 3078 276 3143 κάκεῖνον
313 3072 345 3139 δ’
385 3076 527 3157 άγγελον
565 3073 724 3156 [ἀγαθὸν]
758 3077 923 3161 είπόντος,
960 3079 1044 3142 ίδὼν
1080 3080 1140 3144 τὸν

119 3182 254 3268 Ἀχιμδιν
273 3181 291 3246 δ
311 3181 433 3256 σκοπὸς
452 3178 550 3261 ἐγγὺς
568 3179 632 3262 ήδη
650 3180 882 3265 γεγενημένον,
899 3186 959 3249 τὸν
974 3185 1141 3250 Σαδώκου

121 3291 224 3355 παῖδα
255 3298 315 3354 τοῦ
348 3285 525 3374 ἀρχιερέως
561 3284 777 3372 προστρέχειν
814 3287 999 3374 ἐσήμαινεν.
1055 3292 1073 3358 ὁ
1103 3289 1141 3358 δὲ

122 3396 275 3477 Δαυίδης
298 3394 477 3482 περιχαρής
499 3395 678 3477 γενόμενος
698 3392 837 3477 άγαθῶν
859 3396 1001 3479 άγγελον
1019 3408 1141 3465 τοῦτον
1154 3418 1180 3459 ιο

195 3519 276 3579 §244
296 3541 329 3561 =
349 3516 449 3585 αἶθος.
469 3513 533 3570 XIV
547 3519 590 3568 27.
664 3520 746 3581 §245
766 3543 799 3562 =
819 3519 918 3587 2Reg.
938 3517 1031 3572 XVIII
1047 3527 1088 3576 19.
