2400 3840
539 164 686 216 AEKATH
1055 164 1121 230 325

101 323 259 406 βιώσεται
277 321 358 407 μετὰ
375 322 500 404 ταύτην
514 324 569 406 έτη
587 326 820 390 πεντεκαίδεκα
832 323 888 390 καλ
902 326 1018 402 παῖδες
1031 326 1121 413 αὐτῷ

101 430 310 511 γενήσονται.
351 430 439 513 <28>
462 438 565 496 ταῦτα
587 439 647 496 τοῦ
665 433 840 517 προφήτου
858 434 1027 517 φήσαντος
1044 428 1116 496 κατ’

102 534 244 618 ἐντολήν
266 543 327 600 τοῦ
348 542 448 620 θεοῦ,
476 536 532 601 διά
559 536 621 620 τήν
643 537 832 622 ὑπερβολήν
857 546 917 622 τῆς
938 539 1042 602 νόσου
1064 535 1120 600 καὶ

101 641 141 705 τὸ
165 639 354 725 παράδοξον
380 652 448 707 τῶν
476 640 727 727 ἐπηγγελμένων
754 642 902 709 άπιστῶν
929 645 1065 727 σημεῖόν
1087 665 1120 707 τι

70 745 160 813 τκαὶ
186 746 360 831 τεράστιον
388 746 484 830 ήξίου
512 757 649 831 ποιήσαι
678 751 738 815 τὸν
763 747 919 832 Ἡσαΐαν,
951 745 996 813 ἵν’
1030 747 1120 836 αὐτῷ

101 854 263 937 πιστεύσῃ
285 850 417 934 λέγοντι
435 860 539 917 ταῦτα
556 852 671 936 ήκοντι
691 854 780 939 παρά
798 861 859 918 τοῦ
876 859 974 918 θεοῦ·
997 852 1037 916 τά
1056 853 1119 938 γάρ

101 959 276 1043 παράλογα
294 955 350 1023 καλ
368 960 464 1042 μείζω
483 967 542 1042 τής
561 957 693 1037 ἐλπίδος
712 971 783 1037 τοῖς
801 960 929 1044 ὁμοίοις
946 967 1120 1026 πιστοῦται

101 1065 303 1150 πράγμασιν.
343 1064 431 1148 <29>
451 1062 675 1149 ἐρωτήσαντος
693 1063 723 1146 δ
747 1065 849 1132 αὐτὸν
867 1067 974 1132 είπείν
991 1069 1026 1131 τί
1041 1067 1119 1150 βού-

103 1176 195 1236 λεται
209 1180 347 1254 σημεῖον
360 1167 530 1254 γενέσθαι,
547 1171 607 1236 τδν
620 1170 717 1254 ήλιον
729 1170 881 1255 ἠξίωσεν,
895 1170 1008 1254 έπειδή
1024 1173 1120 1237 σκιάν

57 1301 89 1341 ιο
103 1273 158 1341 ἐπὶ
173 1275 252 1342 δέκα
270 1279 423 1361 βαθμοὺς
436 1274 617 1353 ἀποκλίνας
630 1277 693 1359 ήδη
711 1281 889 1361 πεποίηκεν
908 1276 945 1342 έν
962 1287 1002 1362 τῇ
1021 1280 1120 1365 οίκίρι,

103 1379 158 1447 έπὶ
180 1384 240 1447 τὸν
263 1381 366 1447 αὐτὸν
388 1379 592 1468 ἀναστρέψαι
610 1386 714 1448 τόπον
731 1384 872 1466 ποιήσας
894 1382 999 1466 αὐτήν
1018 1383 1120 1448 πάλιν

101 1498 294 1573 παρασχεῖν.
329 1495 391 1552 τοῦ
410 1483 447 1551 δὲ
465 1489 640 1572 προφήτου
653 1490 713 1555 τὸν
730 1490 813 1554 θεὸν
831 1485 1120 1574 παρακαλέσαντος

102 1593 187 1657 ὥστε
204 1593 242 1658 τὸ
262 1604 399 1677 σημεῖον
416 1591 506 1658 τοῦτ’
529 1592 688 1673 ἐπιδείξαι
705 1603 751 1682 τῷ
770 1598 909 1679 βασιλεῖ,
932 1595 1015 1660 ίδὼν
1038 1594 1118 1677 ὅπερ

101 1699 238 1782 ήθελεν,
256 1697 360 1775 εὐθὺς
378 1701 538 1782 λυθείσης
555 1707 614 1782 τῆς
626 1701 730 1765 νόσου
749 1700 878 1765 ἄνεισιν
897 1701 944 1777 είς
962 1701 999 1765 τὸ
1017 1701 1118 1785 ίερόν,

57 1826 87 1868 15
101 1801 159 1868 καί
181 1813 227 1890 τῷ
249 1810 319 1892 θεῷ
341 1804 574 1889 προσκυνήσας
596 1803 694 1888 εὐχάς
716 1802 901 1887 ἐποιήσατο.

172 1909 258 1994 <30>
281 1908 319 1974 έν
340 1910 446 1998 τούτῳ
470 1905 507 1974 δὲ
528 1919 575 1997 τῷ
596 1913 706 1999 χρόνῳ
729 1909 853 1996 συνέβη
876 1911 937 1993 τήν
959 1921 1027 1975 τῶν
1047 1908 1152 1977 ’Ao-2

101 2018 232 2100 συρίων
258 2004 364 2101 ἀρχήν
390 2015 456 2081 ὑπὸ
484 2015 616 2098 Μήδων
641 2021 884 2100 καταλυθῆναι·
914 2016 1052 2099 δηλώσω
1081 2014 1119 2082 δὲ

101 2118 179 2207 περὶ
200 2122 329 2187 τούτων
351 2119 388 2186 έν
411 2118 542 2207 ἑτέροις.
584 2120 602 2187 δ
626 2118 664 2186 δὲ
685 2131 753 2189 τῶν
774 2114 1003 2207 Βαβυλωνίων
1025 2127 1119 2208 βασι-

101 2228 190 2310 λεύς,
212 2226 367 2304 Βαλάδας
390 2228 509 2311 ὄνομα,
536 2225 667 2312 πέμψας
689 2227 772 2314 πρὸς
796 2231 856 2296 τδν
876 2227 1019 2308 Ἐζεκίαν
1040 2228 1118 2316 πρέ-

56 2356 86 2397 εο
102 2337 194 2417 σβεις
216 2333 308 2418 δῶρα
329 2335 534 2418 κομίζοντας,
556 2336 729 2420 σύμμαχόν
752 2333 780 2401 τ’
802 2336 906 2403 αὐτὸν
928 2332 1013 2403 εἶναι
1035 2358 1118 2422 παρ-

100 2438 211 2504 εκάλει
233 2435 289 2503 καὶ
312 2441 423 2522 φίλον.
469 2441 555 2524 <31>
578 2440 596 2506 ὃ
621 2438 658 2507 δὲ
680 2444 759 2520 τοὺς
785 2445 989 2530 πρεσβευτάς
1012 2441 1119 2525 ήδέως

101 2543 346 2629 ἀποδεξάμενος
371 2541 427 2609 καὶ
455 2543 704 2630 ἑστιασάμενος,
735 2544 791 2612 καὶ
819 2551 898 2624 τοὺς
924 2551 1118 2632 θησαυροὺς

101 2649 267 2728 ἐπιδείξας
288 2649 403 2728 αὐτοῖς
427 2647 483 2715 καί
510 2650 572 2734 τήν
598 2661 666 2715 τῶν
693 2651 805 2716 ὅπλων
829 2652 1040 2737 παρασκευήν
1062 2649 1118 2716 καὶ

99 2757 163 2839 τήν
186 2758 291 2840 άλλην
312 2755 529 2823 πολυτέλειαν
552 2757 634 2840 ὅσην
653 2755 690 2821 έν
707 2758 820 2833 λίθοις
838 2752 904 2841 εἶχε
922 2753 977 2821 καὶ
994 2765 1118 2843 χρυσῷ,

55 2881 85 2924 ετ
101 2863 194 2949 δῶρά
216 2886 251 2928 τε
274 2864 355 2940 δοὺς
371 2865 518 2946 κομίζειν
540 2871 586 2951 τῷ
603 2862 751 2950 Βαλάδα,
773 2863 857 2949 πρὸς
876 2861 979 2927 αὐτὸν
997 2858 1118 2927 ἀπέλυ-

99 2987 168 3034 σεν.
205 2965 452 3051 <32>Ἠσαΐου
475 2965 513 3033 δὲ
534 2976 595 3034 τοῦ
617 2968 791 3055 προφήτου
810 2958 897 3055 πρὸς
919 2967 1023 3033 αὐτὸν
1041 2967 1118 3055 άφι-

98 3073 245 3160 κομένου
267 3071 324 3140 καὶ
341 3073 602 3159 πυνθανομένου
620 3079 728 3142 πόθεν
746 3070 814 3142 εἶεν
831 3077 867 3142 οί
882 3078 1118 3162 παρελθόντες,

100 3180 137 3246 ἐκ
164 3184 369 3265 Βαβυλῶνος
396 3183 487 3263 έλεγε
513 3182 603 3267 παρὰ
629 3191 690 3248 τοῦ
716 3185 835 3269 κυρίου
863 3182 974 3250 αὐτῶν
1004 3181 1119 3247 ἐλθεῖν

99 3287 237 3371 αὐτούς,
265 3284 425 3363 ἐπιδείξαι
449 3282 486 3351 δὲ
508 3284 605 3351 πάντ’
631 3288 759 3370 αὐτοῖς,
781 3289 876 3364 ὅπως
904 3290 1032 3364 ίδόντες
1057 3288 1118 3351 τὸν

56 3410 86 3451 εο
98 3399 248 3459 πλοῦτον
270 3388 326 3456 καλ
349 3391 410 3475 τήν
433 3391 577 3476 δύναμιν
600 3391 636 3457 ἐκ
658 3393 779 3457 τούτου
807 3396 1037 3478 στοχαζόμενοι
1060 3408 1118 3476 ση-

174 3518 238 3579 §28
258 3537 292 3558 =
311 3511 412 3582 4Reg.
426 3512 479 3567 XX
493 3517 522 3580 83
541 3511 593 3570 Ies.
607 3511 723 3568 XXXIX
736 3519 780 3570 22.
