2400 3840
545 116 697 168 εΒΔοΜΗ
1065 118 1129 183 163

109 273 327 356 οἰκοδομῆσαι
350 282 395 362 τςό
419 281 488 362 θεῷ
508 273 702 359 διανοηθεὶς
719 281 846 363 χρυσόν
868 303 903 344 τε
921 283 1028 346 πολὺν
1045 303 1128 368 παρ-

108 378 339 463 εσκευασάμην
361 377 416 444 καὶ
440 380 589 469 ἀργύρου
607 384 779 448 ταλάντων
797 384 960 471 μυριάδας
983 386 1071 452 δέκα.
1109 389 1127 454 ὁ

108 480 146 547 δέ
169 486 249 561 θεὸς
272 484 419 588 έκιύλυσέ
439 511 479 570 με
502 488 559 552 διὰ
576 496 637 553 τοῦ
654 491 829 576 προφήτου
849 491 995 557 Ναθάνα
1018 493 1075 557 διά
1092 519 1128 559 τε

106 593 187 667 τοὺς
213 587 297 676 ὑπέρ
324 592 421 675 ὑμῶν
446 592 612 677 πολέμους
639 592 694 660 καὶ
720 597 758 662 τὸ
782 600 876 685 φόνφ
904 609 971 663 τῶν
994 597 1127 687 έχθρῶν

78 697 290 780 εμεμιάνθαι
313 698 375 781 τὴν
398 697 525 783 δεξιάν,
552 702 612 765 τὸν
636 698 667 764 δ’
692 702 769 767 υίὸν
797 700 947 768 έκέλευσε
972 706 1032 769 τὸν
1055 706 1127 769 δια-

106 801 286 886 δεξόμενον
308 804 370 887 την
392 807 565 889 βασιλείαν
587 807 829 872 κατασκευάσαι
847 810 907 874 τὸν
924 811 1009 875 ναὸν
1027 809 1125 899 αύτῷ.

106 910 216 991 <372>
244 917 309 974 νῦν
336 904 398 975 οὖν
426 908 496 975 έπεὶ
523 908 578 976 καὶ
605 920 651 999 τῷ
680 916 835 1002 προγόνῳ
862 913 957 998 ἡμῶν
982 911 1124 1006 Ἰακώβῳ

106 1015 235 1080 δώδεκα
266 1017 396 1082 παίδων
428 1016 618 1103 γενομένων
651 1025 719 1084 ίστε
746 1023 805 1086 τὸν
832 1018 962 1085 Ἰούδαν
993 1020 1124 1087 ἀποδει-

104 1118 231 1204 χθέντα
249 1121 397 1207 βασιλέα,
421 1121 479 1208 ε’μέ
495 1148 530 1190 τε
547 1134 615 1189 τῶν
634 1124 790 1210 ἀδελφῶν
809 1125 843 1205 ἓξ
863 1129 972 1194 όντων
989 1150 1125 1216 προκρι-

61 1253 90 1292 10
104 1224 210 1292 θέντα
241 1226 297 1293 καὶ
328 1230 390 1313 τὴν
421 1229 603 1315 ἡγεμονίαν
634 1235 780 1316 λαβόντα
810 1235 900 1320 παρὰ
935 1244 996 1300 τοῦ
1028 1240 1124 1318 θεοῦ,

103 1331 159 1398 καὶ
192 1333 318 1418 μηδένα
349 1338 455 1426 τούτῳ
488 1332 752 1424 δυσχεράναντα,
786 1339 893 1417 οὕτως
924 1339 1004 1418 ἀξιῶ
1033 1341 1123 1423 κάγὼ

103 1444 184 1518 τοὺς
203 1440 345 1526 ἐμαυτοῦ
363 1444 484 1520 παῖδας
503 1445 546 1528 μη
566 1445 752 1523 στασιάζειν
772 1446 855 1532 πρὸς
873 1445 1038 1529 ἀλλήλους
1057 1451 1123 1512 Σο-

104 1553 255 1631 λομῶνος
280 1549 342 1632 την
369 1553 542 1634 βασιλείαν
566 1553 824 1636 παρειληφότος,
852 1549 925 1618 ἀλλ’
951 1551 1123 1637 ἐπισταμέ-

103 1679 185 1730 νους
208 1655 253 1732 ὡς
275 1656 293 1722 ὁ
316 1657 397 1734 θεὸς
419 1655 523 1723 αὐτὸν
551 1655 716 1735 ἐξελέξατο
745 1655 862 1744 φέρειν
889 1656 995 1740 ἡδέως
1018 1659 1122 1725 αὐτὸν

61 1783 87 1824 15
103 1762 276 1845 δεσπότην.
322 1764 430 1846 <373>
455 1763 496 1829 ού
523 1764 637 1829 δεινὸν
664 1765 727 1849 γάρ
750 1770 835 1828 θεοῦ
861 1762 1022 1842 θέλοντος
1045 1763 1119 1830 οὐδ’

102 1867 266 1959 ἀλλοτρίῳ
289 1877 467 1956 κρατοῦντι
491 1870 678 1935 δουλεύειν·
701 1872 831 1956 χαίρειν
854 1867 885 1933 δ’
911 1867 961 1934 ἐπ’
987 1870 1121 1958 ἀδελφςῦ

102 1976 223 2058 ταύτης
250 1978 384 2060 τυχόντι
411 1984 470 2061 τῆς
496 1967 593 2060 τιμῆς
619 1972 777 2062 προσήκει
805 1975 850 2051 ὡς
875 1984 1122 2054 κοινωνοῦντας

102 2081 213 2165 αὐτῆς.
251 2083 388 2167 εύχομαι
409 2083 450 2166 δη
469 2084 527 2159 τάς
544 2080 738 2166 ὑποσχέσεις
755 2090 816 2146 τοῦ
834 2088 919 2147 θεοῦ
937 2087 1122 2167 παρελθεῖν

102 2190 151 2264 είς
173 2187 267 2266 τέλος
289 2186 344 2254 καὶ
368 2190 429 2273 τὴν
452 2189 669 2273 εὐδαιμονίαν
693 2189 817 2272 ταύτην
840 2187 905 2254 ἀνά
926 2196 1037 2253 πᾶσαν
1059 2190 1122 2273 τὴν

61 2317 87 2355 εο
101 2296 214 2381 χώραν
247 2304 413 2383 σπαρῆναι
444 2291 499 2361 καί
531 2298 591 2361 τὸν
623 2295 752 2361 ἅπαντα
783 2296 886 2380 ταύτη
919 2305 1120 2382 παραμεῖναι

101 2405 235 2487 χρόνον,
258 2402 301 2485 ἣν
319 2401 419 2479 αὐτὸς
437 2401 651 2485 ἐπηγγείλατο
670 2399 825 2489 παρέξειν
846 2399 899 2467 ἐπὶ
918 2407 1120 2487 Σολομῶνος

101 2506 272 2591 βασιλέως.
318 2508 437 2592 <374>
471 2511 561 2573 ἔσται
594 2504 631 2572 δέ
659 2516 762 2574 ταῦτα
790 2506 908 2592 βέβαια
933 2505 989 2572 καὶ
1015 2511 1120 2574 καλὸν

101 2612 166 2691 έξει
189 2612 300 2699 πέρας,
325 2613 367 2679 ἀν
390 2613 508 2697 εὐσεβῆ
532 2610 588 2677 καὶ
607 2614 738 2677 δίκαιον
761 2614 886 2677 σαυτὸν
907 2609 962 2676 καὶ
986 2616 1118 2698 φύλακα

100 2731 168 2784 τῶν
191 2723 340 2806 πατρίων
361 2719 531 2805 παράσχης
551 2720 674 2802 νόμων,
697 2714 872 2783 ὧτέκνον·
897 2718 927 2780 εί
945 2714 982 2781 δὲ
1000 2719 1055 2800 μή,
1077 2721 1117 2783 τὰ

59 2845 85 2885 25
99 2830 199 2912 χείρω
223 2829 392 2914 προσδόκα
414 2835 517 2891 ταῦτα
539 2822 782 2924 παραβαίνωνῖ-

168 2934 285 3018 <375>
316 2933 333 2999 ὁ
362 2929 424 3017 μὲν
451 2926 513 2997 οὖν
540 2933 695 3014 βασιλεὺς
726 2929 865 3004 τούτους
896 2926 1118 3010 ποιησάμενος
1137 2944 1170 2992 10

99 3042 179 3115 τοὺς
202 3042 323 3121 λόγους
347 3038 521 3121 ἐπαύσατο,
543 3038 605 3121 τὴν
624 3033 661 3102 δὲ
680 3035 870 3123 διαγραφὴν
892 3030 947 3098 καὶ
964 3033 1026 3116 τὴν
1045 3034 1116 3098 διά-

99 3144 193 3223 ταξιν
216 3154 274 3229 τῆς
297 3146 489 3228 οἰκοδομίας
507 3152 567 3209 τοῦ
585 3151 670 3208 ναοῦ
688 3143 823 3208 πάντων
841 3141 997 3225 ὁρώντων
1015 3139 1117 3203 έδωκε

100 3257 294 3336 Σολομῶνι,
319 3253 486 3334 θεμελίων
507 3247 562 3314 καὶ
586 3255 688 3315 οίκων
708 3245 764 3313 καὶ
787 3243 961 3334 ὑπερῴων,
985 3243 1058 3308 ὅσοι
1080 3267 1116 3308 τε

57 3376 85 3415 ³0
99 3361 136 3423 τὸ
160 3364 290 3441 πλῆθος
312 3355 366 3422 καὶ
389 3360 522 3440 πηλίκοι
544 3358 582 3421 τὸ
601 3355 687 3435 ὕφος
709 3352 763 3420 καὶ
782 3355 819 3418 τὸ
839 3347 935 3436 εὖρος
953 3349 1115 3437 γένοιντο,

172 3486 186 3545 ᾗ
207 3486 257 3534 371
279 3507 312 3524 =
334 3479 455 3533 1Paral.
474 3477 591 3530 XXVIII
604 3483 629 3531 2.
949 3561 966 3589 ᾳ

911 3567 952 3616 Ὀ.
