2400 3840
79 117 145 185 338
451 113 725 168 mmmm

78 278 136 346 καί
163 280 182 346 ὁ
208 281 381 364 προφήτης
405 275 592 360 Ἰεζεκίηλος
618 285 697 352 παῖς
726 275 783 339 ὥν.
834 267 892 339 καί
922 272 1020 352 τέλος
1047 272 1102 359 μὲν

80 395 236 452 τοιοῦτον
252 383 424 468 Ἰωάκιμον
446 386 506 450 τὸν
524 379 662 466 βασιλέα
679 378 827 464 κατέσχε,
851 381 1026 465 βιώσαντα
1047 377 1102 465 μὲν

82 496 137 576 ἔτη
156 491 191 570 ἓξ
208 488 264 556 καὶ
283 491 470 575 τριάκοντα,
493 488 736 572 βασιλεύσαντα
759 482 797 550 δὲ
819 487 955 551 τούτων
978 486 1101 552 ἕνδεκα·
1141 576 1142 579 ¹

82 600 101 664 δ
125 594 163 662 δὲ
186 595 420 681 διαδεξάμενος
447 594 551 660 αὐτοῦ
578 593 640 676 τὴν
662 594 836 677 βασιλείαν
857 589 1045 678 Ἰωάχιμος,
1072 592 1102 657 ἐκ

81 704 205 788 μητρὸς
231 699 293 786 μὲν
320 706 453 786 Νοστῆς
480 703 586 786 ὄνομα
609 699 780 775 πολίτιδος
807 695 862 782 δέ,
890 697 1120 783 ἐβασίλευσενε

83 819 191 895 μῆνας
213 819 301 892 τρεῖς
323 806 446 892 ἡμέρας
470 806 558 873 δέκα.

43 922 62 986 Ἰ
150 914 236 995 <99>
260 914 319 978 τὸν
343 909 380 977 δὲ
403 923 471 978 τῶν
493 914 722 998 Βαβυλωνίων
744 909 894 996 βασιλέα,
918 912 1027 978 δύντα
1048 912 1103 994 την
1142 968 1144 970 ,

82 1021 255 1105 βασιλείαν
269 1016 440 1108 Ἰωαχίμφ,
462 1026 660 1107 παραχρῆμα
682 1020 779 1101 ἔλαβε
797 1015 887 1094 δέος·
912 1018 1024 1084 ἔδεισε
1045 1019 1102 1101 γδρ

82 1127 127 1209 μη
141 1126 387 1208 μνησικακήσας
405 1123 495 1214 αύτῷ
513 1135 572 1210 τῆς
588 1134 649 1191 τοῦ
662 1126 786 1211 πατρὸς
804 1122 1012 1210 ἀναιρέσεως
1029 1125 1101 1191 ἀπο-

82 1232 186 1316 στήση
212 1231 274 1314 τὴν
301 1233 414 1317 χώραν
436 1232 549 1297 αὐτοῦ.
594 1230 725 1317 πέμψας
752 1239 934 1317 τοιγαροῦν
961 1233 1101 1316 δύναμιν
1112 1249 1130 1289 ο

83 1337 268 1423 ἐπολιόρκει
282 1340 342 1404 τὸν
353 1337 524 1424 Ἰωάχιμον
539 1337 576 1403 έν
589 1349 660 1415 τοῖς
670 1335 921 1424 Ἱεροσολύμοις.
961 1339 1071 1423 <100>
1085 1336 1100 1401 ὃ

83 1442 121 1510 δὲ
145 1447 245 1529 φύσει
267 1448 408 1530 χρηστὸς
432 1446 480 1511 ὢν
501 1442 558 1510 καί
581 1440 710 1521 δίκαιος
730 1443 790 1509 οὐκ
808 1442 906 1526 ἠξίου
925 1445 991 1528 τὴν
1009 1447 1101 1511 πόλιν

81 1550 349 1616 κινδυνεύουσαν
377 1548 421 1615 δι’
453 1552 566 1617 αὑτὸν,
582 1559 757 1637 περιορᾶν,
785 1547 857 1614 ἀλλ’
886 1548 1021 1638 ἀπάρας
1046 1551 1106 1632 την

82 1653 206 1743 μητέρα
224 1653 280 1720 καὶ
298 1659 376 1734 τοὺς
390 1668 563 1740 συγγενεῖς
580 1657 789 1741 παραδίδωσι
807 1666 878 1732 τοῖς
896 1664 1102 1741 πεμφθεῖσιν

81 1762 147 1828 ὑπὸ
171 1771 231 1828 τοῦ
255 1765 477 1848 Βαβυλωνίου
505 1772 715 1849 στρατηγοῖς,
742 1761 864 1848 ὅρκους
885 1759 966 1849 παρ’
996 1763 1102 1829 αὐτῶν
1112 1777 1130 1818 1⁵

82 1871 195 1954 λαβὼν
217 1866 301 1957 ὑπὲρ
324 1879 385 1936 τοῦ
409 1865 513 1954 μηδὲν
536 1865 611 1954 μήτ’
637 1867 760 1945 αὐτοὺς
786 1875 913 1934 παθεῖν
940 1871 1025 1954 μήτε
1048 1869 1103 1951 την
1150 1894 1152 1919 ³

82 1978 190 2042 πόλιν.
237 1976 346 2060 <101>
369 1965 420 2052 οἷς
443 1970 516 2040 οὐδ’
541 1973 696 2039 ἐνιαυτὸν
717 1973 738 2057 η
762 1964 872 2050 πίστις
894 1975 1043 2057 ἔμεινεν·
1066 1974 1102 2040 οὐ

82 2084 145 2167 γδιρ
166 2080 328 2165 ἐφύλαξεν
347 2079 452 2164 αὐτὴν
470 2080 489 2146 ὁ
505 2090 573 2145 τῶν
587 2084 815 2165 Βαβυλωνίων
834 2079 1003 2165 βασιλεύς,
1024 2081 1102 2147 ἀλλά

82 2199 152 2261 τοῖς
176 2197 372 2270 στρατηγοῖς
395 2184 581 2251 ἐπέστειλεν
609 2187 756 2264 ἅπαντας
783 2188 860 2263 τοὺς
884 2184 921 2250 ἑν
944 2195 984 2271 τῇ
1009 2191 1102 2253 πόλει

81 2292 244 2373 λαβόντας
267 2291 495 2372 αἰχμαλώτους
517 2289 616 2366 νέους
634 2293 695 2373 τὴν
713 2292 845 2375 ἡλικίαν
867 2289 923 2357 καί
942 2297 1134 2376 τεχνίτας,ιο

82 2393 279 2478 δεδεμένους
297 2395 392 2475 ἀγειν
406 2397 489 2482 πρὸς
508 2395 611 2460 αὑτόν
630 2391 731 2480 (ἦσαν
751 2397 782 2464 δ’
804 2393 896 2464 οὗτοι
913 2399 1039 2477 πάντες
1058 2402 1102 2475 είς

81 2504 222 2589 μυρίους
249 2501 464 2581 ὀκτακοσίους
490 2502 668 2590 τριάκοντα
696 2505 788 2591 δύο),
815 2502 870 2571 καὶ
897 2506 957 2570 τὸν
979 2503 1101 2591 Ἰωύχι-

69 2634 146 2694 -μον
169 2611 249 2695 μετδι
272 2618 331 2694 τῆς
354 2611 476 2698 μητρὸς
498 2609 554 2676 καί
576 2621 644 2677 τῶν
667 2613 786 2695 φίλων.
828 2611 938 2693 <102>
962 2613 1102 2688 τούτους

81 2718 123 2799 δὴ
146 2716 368 2802 κομισθέντας
390 2720 473 2803 πρὸς
496 2719 600 2784 αὑτὸν
627 2712 714 2801 εἶχεν
742 2716 778 2781 έν
805 2722 952 2800 φυλακῇ,
981 2717 1043 2782 τὸν
1066 2713 1101 2781 δέ

82 2829 179 2889 θεῖον
197 2833 257 2889 τοῦ
275 2822 448 2908 Ἰωαχίμου
465 2826 629 2890 Σεδεκίαν
647 2822 796 2901 ἀπέδειξε
813 2820 961 2906 βασιλέα,
981 2823 1133 2907 δρκουςιε

80 2927 158 3014 παρ’
184 2930 287 2995 αὐτοῦ
316 2933 442 3014 λαβών,
470 2927 490 3013 ἦ
515 2932 581 3014 μὴν
604 2930 764 3011 φυλάξειν
792 2929 880 3015 αὐτῷ
904 2928 965 3011 τὴν
988 2931 1100 3015 χώραν

80 3033 136 3099 καὶ
159 3032 263 3119 μηδὲν
281 3039 490 3119 νεωτερίσειν
508 3030 592 3117 μηδὲ
610 3045 680 3110 τοῖς
698 3036 897 3116 Αἰγυπτίοις
916 3033 1099 3117 εὐνοήσειν.

45 3158 62 3207 2
148 3141 265 3225 <103>
293 3141 453 3216 Σεδεκίας
477 3137 508 3201 δ’
533 3133 576 3220 ἦν
599 3135 660 3222 μὲν
689 3139 771 3205 ἐτῶν
800 3145 903 3204 είκοσι
931 3137 987 3204 καὶ
1015 3139 1099 3223 ἑνός,
1171 3226 1172 3230 ¹

82 3248 135 3312 ὅτε
162 3248 222 3330 τὴν
250 3247 355 3332 ἀρχὴν
381 3243 582 3330 παρέλαβεν,
612 3245 811 3334 ὁμομήτριος
838 3241 900 3330 μὲν
925 3244 1098 3332 Ἰωακίμου

79 3351 246 3437 τάδελφοῦ
280 3353 398 3435 αὐτοῦ,
434 3360 502 3416 τῶν
534 3345 571 3413 δέ
603 3350 742 3417 δικαίων
777 3349 833 3416 καὶ
869 3362 929 3418 τοῦ
962 3352 1133 3431 δέοντοςῖ0

154 3479 168 3538 ς
184 3480 216 3528 οε
232 3500 265 3519 =
280 3480 296 3527 4
311 3474 379 3542 Reg.
395 3471 485 3526 xxw
499 3478 528 3536 63
548 3477 563 3525 2
580 3469 672 3526 Paral.
687 3471 804 3526 xxxw
819 3480 860 3529 ιο.
