2400 3840
536 163 682 215 AEKATH
1052 161 1119 228 347

96 324 115 390 6
139 335 273 408 πρῶτος
296 324 408 390 αὐτῶν
430 326 585 409 βασιλεὺς
606 324 771 407 Σάουλος,
793 324 855 388 οὐκ
877 323 914 389 έκ
934 334 994 409 τῆς
1016 326 1119 409 αὐτῆς

95 436 211 514 φυλῆς
232 430 400 516 ὑπάρχων.
445 432 555 514 <144>
578 432 596 497 6
620 428 658 496 δὲ
678 432 894 515 Βαβυλώνιος
915 429 1036 516 πέμπει
1059 433 1119 495 τὸν
1137 453 1153 500 5

96 537 206 602 αὑτοῦ
223 538 408 621 στρατηγὸν
422 536 709 622 Ναβουζαρδάνην
727 538 775 614 είς
788 534 1001 624 Ἱεροσόλυμα
1019 537 1119 618 συλή-

97 660 204 708 σοντα
227 643 286 707 τὸν
306 644 402 726 ναόν,
424 642 609 727 προστάξας
632 644 698 729 ἅμα
715 641 771 709 καὶ
788 652 994 728 καταπρῆσαι
1015 641 1119 706 αὐτόν

72 772 134 819 ετε
157 745 215 812 καὶ
237 749 278 813 τά
299 752 461 832 βασίλεια,
484 751 545 832 τήν
567 773 603 814 τε
625 753 725 816 πόλιν
747 751 795 827 είς
817 750 941 832 ἔδαφος
961 754 1119 814 καθελεῖν

97 852 156 920 καὶ
179 855 240 919 τὸν
262 855 346 919 λαὸν
368 856 416 931 είς
437 855 500 938 τήν
519 857 743 938 Βαβυλωνίαν
765 864 973 940 μεταστῆσαι.
1010 856 1119 937 <145>

97 962 137 1038 ὃς
161 963 340 1045 γενόμενος
368 960 405 1027 ἐν
427 973 498 1038 τοῦς
517 959 760 1047 Ἱεροσολύμοις
786 959 949 1050 ἑνδεκάτῳ
973 964 1038 1027 ἔτει
1060 971 1119 1044 τῆς

99 1067 265 1133 Σεδεκίαν
287 1070 457 1152 βασιλείας
479 1072 565 1154 συλᾷ
586 1090 623 1132 τε
644 1069 704 1132 τὸν
726 1070 811 1133 ναὸν
830 1067 885 1133 καὶ
904 1069 1056 1152 βαστάζει
1078 1069 1119 1132 τδι

99 1174 202 1256 σκεύη
225 1182 285 1240 ταῦ
308 1179 393 1238 θεοῦ
414 1182 522 1258 χρυσᾶ
544 1171 657 1238 τεκαὶ
680 1172 820 1261 άργυρᾶ,
842 1173 897 1240 καὶ
921 1176 963 1260 δή
985 1173 1119 1240 καὶτὸν

61 1306 86 1347 ιο
99 1279 208 1367 μέγαν
230 1285 376 1366 λουτῆρα
394 1279 435 1346 ὃν
453 1280 618 1365 Σολομὼν
635 1279 811 1365 ἀνέθηκεν,
835 1284 882 1347 έτι
901 1305 939 1364 γε
957 1281 1024 1366 μήν
1041 1283 1120 1357 τοὺς

100 1389 244 1465 στύλους
266 1389 346 1464 τοῦς
366 1392 510 1470 χαλκοῦς
530 1385 586 1452 καί
609 1390 668 1465 τᾶς
689 1388 835 1472 κεφαλᾶς
856 1386 979 1468 αὐτῶν,
1003 1386 1062 1461 τάς
1084 1408 1120 1450 τε

99 1504 227 1580 χρυσᾶς
248 1491 409 1578 τραπέζας
429 1491 486 1558 καὶ
504 1495 562 1571 τὰς
579 1497 726 1580 λυχνίας.
765 1494 876 1576 <146>
893 1492 1059 1577 βαστάσας
1078 1493 1118 1575 δή

99 1609 206 1665 ταῦτα
228 1598 336 1683 ἀνῆψε
358 1601 419 1665 τὸν
441 1600 525 1664 ναὸν
547 1597 628 1684 μηνὶ
649 1598 784 1688 πέμπτῳ
807 1608 847 1684 τῆ
867 1602 1044 1686 νουμηνίᾳ,
1068 1595 1121 1664 εὐ-

100 1708 229 1794 δεκάτῳ
259 1707 324 1771 ἔτει
354 1713 413 1789 τῆς
442 1706 604 1771 Σεδεκίου
633 1707 820 1789 βασιλείας,
852 1705 1119 1793 ὀκτωκαιδεκάτῳ

59 1839 85 1880 15
100 1809 139 1878 δὲ
162 1821 223 1896 τῆς
243 1812 598 1895 Ναβουχοδονοσόρου.
644 1808 804 1896 ἐνέπρησε
827 1806 864 1874 δὲ
886 1807 1005 1875 καὶτὰ
1027 1814 1121 1893 βασί-

99 1926 175 1987 λεια
197 1916 253 1983 καὶ
275 1918 336 2001 τήν
358 1921 458 1983 πόλιν
480 1915 693 1995 κατέσκαψεν.
738 1917 847 1999 <147>
871 1912 1060 2002 ἐνεπρήσθη
1084 1911 1121 1980 δὲ

101 2027 119 2092 6
139 2026 222 2102 ναὸς
242 2025 323 2109 μετὰ
340 2020 522 2111 τετρακόσι’
544 2026 600 2106 ἔτη
622 2020 679 2088 καί
697 2019 924 2107 ἑβδομήκοντα
941 2019 997 2087 καὶ
1015 2030 1122 2107 μῆνας

100 2130 135 2209 ἓξ
162 2127 219 2196 καὶ
246 2129 326 2197 δέκα
352 2128 476 2216 ήμέρας
503 2127 561 2213 ἀφ’
593 2123 634 2194 οὗ
660 2128 922 2212 κατεσκευάσθη·
955 2137 994 2214 τῆ
1025 2125 1056 2192 δ’
1088 2126 1121 2205 ἐξ

101 2237 278 2319 Αἰγύπτου
305 2235 542 2321 μεταναστάσει
573 2244 633 2302 τοῦ
665 2241 749 2302 λαοῦ
775 2231 843 2301 τότ’
873 2230 916 2319 ῆν
948 2237 1003 2319 ἔτη
1031 2238 1122 2320 χίλια

58 2368 88 2409 εο
102 2340 262 2425 ἑξήκοντα
289 2343 365 2427 δύο,
395 2349 497 2427 μῆνες
524 2341 573 2427 ἕξ,
602 2342 721 2430 ῆμέραι
748 2341 836 2409 δέκα.
885 2351 931 2433 τῳ
960 2339 998 2408 δὲ
1023 2366 1123 2408 κατα-

100 2454 238 2537 κλυσμῷ
265 2447 360 2534 μέχρι
386 2455 445 2531 τῆς
471 2458 532 2514 τοῦ
559 2459 644 2515 νααῦ
671 2452 868 2535 πορθήσεως
889 2453 1010 2534 χρόνος
1036 2444 1080 2533 ῆν
1103 2448 1121 2513 6

100 2564 167 2632 πᾶς
190 2553 274 2620 έτεῦν
300 2557 418 2639 χιλίων
443 2553 626 2620 ἐνακοσίων
651 2557 856 2637 πεντήκοντα
883 2552 979 2638 ἑπτά,
1006 2566 1122 2638 μηνῶν

100 2660 151 2745 ἐξ,
178 2660 313 2746 ήμερῶν
340 2659 432 2727 δέκα·
456 2660 576 2744 <148>
605 2658 639 2737 ἐξ
666 2654 707 2725 οὗ
735 2657 765 2724 δ’
792 2659 957 2743 ἐγεννήθη
976 2658 1124 2744 ’Ἀδαμος

101 2766 199 2852 μέχρι
221 2777 290 2833 τῶν
311 2764 387 2853 περὶ
409 2768 470 2832 τὸν
491 2768 577 2832 ναὸν
603 2765 803 2851 συμβάντων
830 2769 886 2849 έτη
914 2763 983 2831 ἐστὶ
1008 2788 1123 2850 τετρα-

60 2895 88 2938 εε
101 2877 250 2957 κισχίλια
271 2875 470 2940 πεντακόσια
493 2874 662 2961 δεκατρία,
690 2882 791 2958 μῆνες
813 2871 862 2956 ἒξ,
890 2870 1010 2957 ήμέραι
1033 2869 1123 2939 δέκα.

102 2989 266 3046 τοσοῦτον
293 2976 355 3065 μὲν
381 2974 443 3046 οὖν
469 2981 507 3045 τὸ
530 2981 659 3046 τούτων
685 2990 753 3045 τῶν
779 2978 864 3045 έτᾶν
889 2983 1032 3062 πλῆθος·
1061 2978 1123 3043 ὅσα

104 3084 135 3151 δ’
162 3085 324 3173 ἐπράχθη,
346 3083 425 3151 καθ’
451 3085 680 3153 ἕκαστοντῶν
703 3087 959 3172 συμβεβηκότων
978 3084 1123 3167 δεδηλώ-

102 3215 216 3277 καμευ.

172 3299 282 3381 (149)
310 3296 329 3362 6
357 3293 395 3361 δὲ
418 3299 599 3380 στρατηγὸς
625 3306 686 3362 τοῦ
709 3300 936 3380 Βαβυλωνίων
962 3293 1125 3380 βασιλέως

60 3423 90 3465 ιο
103 3403 316 3481 κατασκάψας
338 3403 379 3467 τὰ
392 3400 604 3488 Ἱεροσόλυμα
627 3398 758 3466 καὶτὸν
776 3403 859 3468 λαὸν
877 3404 1124 3491 μεταναστήσας

175 3528 307 3591 5144=
321 3527 338 3576 4
352 3521 421 3591 Reg.
435 3520 512 3575 XXV
528 3527 556 3588 8;
576 3520 674 3579 Ierem.
688 3521 737 3576 LH
753 3528 795 3578 12.
