2400 3840
519 107 644 159 οοΔοΗ
869 51 871 56 ¹
1023 106 1087 170 231

71 268 161 331 ἀπαν
174 267 211 331 τὸ
223 265 433 352 Ἱεροβοάμου
448 264 544 349 γένος
558 265 740 351 διέφθειρε.
771 266 881 353 <289>
894 265 950 331 καὶ
964 266 1088 352 συνέβη

70 375 154 436 κατά
175 373 237 456 τήν
259 382 320 438 τοῦ
342 380 427 438 θεοῦ
449 376 656 458 προφητείαν
682 375 762 449 τοὺς
788 370 849 457 μὲν
873 372 909 438 ἐν
931 381 970 457 τῆ
994 376 1089 439 πόλει

69 491 140 544 τῶν
168 477 379 564 Ἱεροβοάμου
411 490 583 561 συγγενῶν
614 479 849 556 ἀποθανόντας
879 480 944 545 ὑπὸ
977 491 1089 545 κυνῶν

68 590 307 670 σπαραχθῆναι
329 583 385 650 καὶ
408 587 655 670 δαπανηθῆναι,
677 588 756 663 τοὺς
777 583 811 649 δ’·
830 584 867 650 έν
885 597 955 663 τοῖς
974 585 1089 672 ἀγροῖς

35 689 129 757 εὑπ’
155 692 315 776 ὀρνίθων.
418 761 420 764 ,
506 719 508 723 ’

139 799 257 882 <290>
285 799 303 864 ὁ
330 795 392 883 μὲν
420 793 482 864 οὗν
500 797 712 887 Ἱεροβοάμου
740 794 829 876 οἶκος
855 807 914 882 τῆς
937 798 1088 882 ἀσεβείας

68 905 175 969 αὐτοῦ
198 903 254 969 καὶ
276 916 344 970 τῶν
366 905 588 989 ἀνομημάτων
611 904 707 983 ἀξίαν
729 904 850 990 ὑπέσχε
874 905 983 988 δίκην·
1008 905 1026 971 ὁ
1050 903 1141 973 6212

67 1023 139 1102 τῶν
153 1010 391 1095 Ἱεροσολύμων
409 1014 565 1095 βασιλεὺς
575 1009 718 1089 ’Ἁσανος
735 1006 778 1095 ήν
796 1014 856 1077 τὸν
873 1015 998 1096 τρόπον
1017 1014 1088 1097 ἀρι-

68 1134 149 1193 στος
171 1116 225 1181 καί
248 1120 332 1203 πρὸς
349 1120 386 1183 τὸ
404 1125 503 1183 θεῖον
520 1117 670 1204 ἀφορῶν,
687 1116 748 1183 ’καὶ
767 1114 871 1201 μηδὲν
884 1119 968 1202 ’μήτε
986 1119 1089 1203 πράτ-

16 1249 48 1289 10
65 1246 137 1286 των
156 1220 229 1306 μήτ’
247 1222 465 1307 ἐννοούμενος
483 1223 501 1289 δ
520 1224 564 1308 μή
582 1226 666 1310 πρὸς
683 1223 745 1306 τὴν
763 1222 935 1308 εὐσέβειαν
949 1220 1014 1308 εἶχε
1032 1223 1088 1291 καὶ

66 1329 132 1410 τήν
154 1328 562 1414 τῶννομίμωνφυλακὴν
582 1330 644 1413 τήν
662 1329 845 1415 ἀναφοράν.
885 1331 1088 1415 κατώρθωσε

68 1429 109 1497 δὲ
132 1433 192 1515 τήν
215 1434 317 1499 αὑτοῦ
341 1438 523 1519 βασιλείαν,
547 1434 688 1513 ἐκκόψας
711 1441 744 1500 εί
762 1459 794 1501 τι
817 1437 966 1521 πονηρὸν
987 1430 1031 1518 ήν
1050 1435 1087 1500 ἐν

65 1538 164 1623 αὐτῆ,
181 1538 237 1604 καὶ
255 1525 466 1625 καθαρεύσας
484 1540 612 1633 ἀπάσης
628 1542 772 1624 κηλῖδος.
814 1541 924 1625 <291>
944 1550 1086 1626 στρατοῦ

65 1643 100 1709 δ’
132 1640 220 1728 εἶχεν
248 1645 427 1712 ἐπιλέκτων
454 1647 603 1733 ἀνδρῶν,
636 1645 853 1731 ὡπλισμένων
884 1653 998 1735 θυρεῷ
1030 1646 1086 1712 καὶ

14 1777 46 1818 15
65 1751 282 1837 σειρομάστη,
311 1751 347 1817 ἐκ
374 1749 443 1837 μὲν.
462 1751 650 1836 τῆς-Ἰούδα
677 1757 787 1836 φυλῆς
809 1752 973 1837 μυριάδας
995 1753 1087 1837 τριά-

62 1881 180 1940 κοντα,
204 1856 239 1923 ἐκ
262 1855 300 1922 δὲ
317 1867 376 1942 τῆς
394 1860 627 1943 Βενιαμίτιδος
649 1857 790 1934 ἀσπίδας
813 1858 1012 1943 φορούντων
1029 1854 1086 1921 καὶ

62 1963 212 2042 τοξοτῶν
235 1965 399 2056 μυριάδας
417 1963 514 2031 πέντε
536 1963 591 2029 καὶ
611 1970 724 2029 εἴκοσι.
764 1963 874 2047 <292>
890 1963 955 2047 ήδη
975 1960 1005 2027 δ’
1027 1963 1086 2028 αὐ-

62 2079 128 2135 τοῦ
156 2067 224 2135 δέκ’
250 2073 305 2154 ἔτη
333 2071 568 2155 βασιλεύοντος
581 2086 582 2089 ’
595 2070 765 2156 στρατεύει
792 2069 918 2154 μεγάλη
945 2069 1086 2153 δυνάμει

64 2181 215 2262 Ζαραῖος
238 2174 288 2242 ἐπ’
314 2176 427 2261 αὐτόν,
451 2177 469 2242 ὁ
492 2185 551 2261 τῆς
574 2178 757 2253 Αίθιοπίας
779 2176 950 2260 βασιλεύς,
974 2173 1086 2258 ἐνενή-

16 2308 46 2348 20
63 2305 170 2349 κοντα
188 2279 249 2367 μὲν
267 2286 374 2361 πεζῶν
392 2284 561 2368 μυριάσιν,
581 2281 707 2348 ίππέων
725 2279 762 2347 δὲ
776 2281 865 2367 δέκα,
883 2286 1087 2368 τριακοσίοις

64 2387 99 2454 δ’
126 2390 258 2474 δέρμασι.
303 2387 359 2454 καὶ
382 2388 477 2475 μέχρι
499 2391 626 2467 πόλεως
644 2393 822 2476 Μαρίσσης
846 2387 980 2474 (ἔστιδ’
1002 2388 1085 2472 αὕτη

63 2504 125 2579 τῆς
146 2493 254 2561 Ἰούδα
282 2496 404 2579 φυλῆς)
432 2495 611 2572 ἐλάσαντος
638 2495 742 2560 αὐτοῦ
769 2496 849 2578 μετά
876 2504 935 2578 τῆς
962 2498 1087 2572 οἰκείας

64 2602 241 2686 δυνάμεως
254 2602 441 2685 ἀπήντησεν
454 2589 609 2678 Ἄσανος·
628 2601 739 2684 <293>
753 2598 1086 2684 καῖ’ἀντιπαρατάξας

65 2708 241 2795 αὐτῷτὴν
265 2710 422 2794 στρατιάν
445 2710 482 2772 έν
504 2730 571 2772 τινι
594 2706 741 2791 φάραγγι
762 2706 891 2796 Σαφθά
914 2703 1085 2789 λεγομένη,

27 2835 50 2875 25
65 2822 125 2896 τῆς
148 2816 275 2891 πόλεως
298 2815 359 2879 οὐκ
382 2815 530 2896 ἄπωθεν,
553 2813 598 2888 ῶς
617 2811 747 2877 κατεῖδε
764 2812 802 2876 τὸ
820 2819 888 2875 τῶν
907 2811 1086 2901 Αἰθιόπων

65 2925 208 3003 πλῆθος,
232 2920 421 3003 ἀναβοήσας
443 2922 540 3001 νίκην
562 2917 633 3004 ήτει
650 2919 739 3003 παρὰ
757 2924 817 2982 τοῦ
835 2921 931 2999 θεοῦ,
953 2913 1009 2981 καὶ
1027 2917 1086 2993 τὰς

65 3026 192 3102 πολλάς
215 3024 302 3091 ἑλεῖν
325 3025 490 3111 μυριάδας
512 3035 580 3090 τῶν
602 3027 782 3108 πολεμίων·
805 3019 886 3088 οὐδὲ
909 3023 971 3107 γάρ
995 3023 1085 3110 άλλφ

64 3129 133 3196 τινὶ
156 3133 330 3217 θαρρήσας
354 3134 467 3214 ἔλεγεν
488 3130 509 3214 ή
527 3140 567 3216 τῆ
585 3129 663 3217 παρ’
685 3129 789 3196 αὐτοῦ
808 3132 959 3215 βοηθείᾳ,
984 3129 1086 3193 δυνα-

65 3234 150 3320 μένη
181 3234 237 3300 καὶ
268 3240 347 3313 τοὺς
379 3237 514 3320 ὀλίγους
541 3236 793 3321 ἀπεργάσασθαι
821 3237 991 3320 κρείττους
1017 3246 1085 3300 τῶν

26 3363 51 3403 ω
64 3345 233 3408 πλειόνων
259 3340 315 3407 καὶ
337 3345 416 3421 τοὺς
443 3343 599 3420 ἀσθενεῖς
620 3352 688 3407 τῶν
711 3342 954 3426 ὑπερεχόντων,
982 3340 1086 3407 ἀπαν-

137 3470 219 3530 §289
240 3490 273 3509 =
293 3464 393 3534 3Reg.
407 3464 459 3518 XV
472 3471 514 3519 29.
589 3469 670 3528 §290
691 3489 724 3509 =
743 3462 946 3518 stamhffi
961 3469 993 3516 x.
