2400 3840
527 129 626 178 εΚΤΗ
1046 125 1089 190 33

71 286 109 354 δὲ
131 290 216 373 πρὸς
237 285 336 352 τοῦθ’
362 287 540 371 ὑπολαβών
565 286 688 352 ’πόθεν
716 281 778 351 οὖν
808 286 917 351 ἀκούω
940 287 1090 371 θρεμμά-

70 393 154 460 των’
179 389 250 458 εἷπε
276 391 342 457 ‘nal
364 393 555 474 ὑποζυγίων
577 396 659 476 βοής
683 391 719 457 ἐν
741 401 787 480 τῷ
811 390 1047 481 στρατοπέθφ;’
1071 392 1089 457 ὃ

71 498 108 567 δὲ
131 502 192 565 τὸν
215 499 299 564 λαὸν
321 507 424 562 ταῦτα
444 500 492 574 είς
509 501 632 574 θυσίας
651 497 849 582 ἀπεκρίνατο
868 497 1090 582 τετηρηκέναι,

72 609 108 672 τὸ
128 605 244 690 μέντοι
263 628 300 687 γε
318 615 386 669 τῶν
407 601 631 688 Ἀμαληκιτῶν
648 603 745 686 γένος
763 605 852 670 ἀπαν
870 602 1091 688 ἐξηφανίσθαι

48 715 153 778 εκατά
182 713 244 794 τήν
273 710 427 793 ἐντολήν,
457 708 512 775 καὶ
545 714 796 793 περιλείπεσθαι
825 710 929 775 ἀλλον
956 708 1092 793 μηθένα,

73 821 156 905 πρὸς
187 816 218 882 δ’
244 818 347 883 αὑτὸν
379 816 517 899 ἀγαγεῖν
548 817 735 902 τηρήσαντα
767 820 871 901 μόνον
903 817 1007 882 αὐτὸν
1033 818 1094 881 τὸν

75 924 223 1008 βασιλέα,
241 922 317 1007 περὶ
336 918 377 987 οὗ
396 928 431 988 τί
447 924 500 988 δεῖ
517 935 627 988 ποιεῖν
641 924 884 1006 βουλεύσεσθαι
898 925 981 1007 πρὸς
995 921 1093 1005 ἀλλή-

75 1038 155 1108 λους
187 1033 339 1114 ἔφασκεν.
396 1030 504 1112 <147>
532 1029 549 1094 ὁ
583 1025 620 1094 δὲ
651 1029 824 1113 προφήτης
855 1027 929 1113 οὐχὶ
957 1033 1094 1106 θυσίαις

76 1140 189 1219 ἔλεγεν
210 1137 355 1219 ήὸεσθαι
381 1137 420 1201 τὸ
443 1141 555 1218 θεῖον,
584 1135 667 1200 ἀλλὰ
694 1146 765 1211 τοῖς
792 1134 935 1216 ἀγαθοῖς
961 1134 1016 1200 καὶ
1045 1137 1094 1200 δι-

41 1263 64 1301 1⁰
76 1247 195 1319 καίοις·
221 1237 313 1308 οὗτοι
336 1239 367 1305 θ’
389 1239 476 1306 είσὶν
494 1241 529 1305 οί
545 1250 584 1325 τῇ
603 1241 759 1323 βουλήσει
781 1238 837 1305 καὶ
855 1253 927 1316 ταῖς
946 1239 1095 1317 ἐντολαῖς

76 1349 179 1414 αὐτοῦ
197 1353 527 1423 κατακολουθοῦντες
544 1345 599 1411 καὶ
618 1343 723 1430 μηθὲν
740 1348 820 1411 ἀλλο
839 1347 1095 1432 πραχθήσεσθαι

76 1460 184 1532 καλῶς
206 1451 266 1538 ὑφ’
293 1452 421 1519 ἑαυτῶν
443 1455 633 1537 νομίζοντες
655 1451 676 1535 ή
700 1453 718 1518 ό
741 1477 772 1517 τι
795 1451 837 1516 ἀν
854 1453 1017 1534 ποιήσωσι
1036 1462 1096 1519 τοῦ

76 1567 161 1626 θεοῦ
175 1562 414 1636 κεκελευκότος.
459 1565 745 1643 καταφρονεῖσθαι
759 1560 822 1643 γάρ
838 1559 898 1643 οὐχ
913 1559 994 1624 ὅταν
1008 1559 1096 1647 αὐτῷ

76 1667 120 1750 μὴ
148 1667 220 1751 θύη
242 1690 306 1749 τις,
336 1662 410 1730 ἀλλ’
441 1665 522 1729 ὅταν
549 1663 704 1729 ἀπειθεῖν
732 1664 821 1751 αὐτῷ
850 1665 941 1748 δοκῇ.
987 1666 1096 1746 <148>

42 1793 64 1830 2⁵
78 1773 186 1858 “παρά
219 1769 257 1838 δὲ
287 1783 355 1837 τῶν
392 1771 453 1855 οὐχ
484 1769 760 1854 ὑποταττομένων
791 1768 864 1835 οὐδ’
900 1769 1010 1852 ἀληθῆ
1042 1769 1096 1834 καὶ

77 1882 185 1963 μόνην
207 1888 254 1966 τῷ
277 1885 346 1967 θεῷ
368 1875 609 1962 κεχαρισμένην
627 1877 886 1960 θρησκευόντων
904 1879 1097 1958 θρησκείαν,

78 1983 148 2050 οὔτ’
173 1984 217 2050 ἀν
235 1985 341 2049 πολλά
359 1981 414 2048 καὶ
437 1988 557 2067 πιμελή
576 1981 813 2046 καταθύσωσιν
833 1982 945 2065 ίερεῖα,
965 1978 1036 2044 οὔτ’
1057 1980 1099 2046 ἀν

78 2093 204 2174 κόσμον
233 2089 460 2172 ἀναθημάτων
488 2087 521 2166 έξ
549 2087 699 2172 ἀργύρου
728 2084 783 2150 καὶ
811 2095 938 2171 χρυσοῦ
964 2108 1099 2170 πεποιη-

79 2196 191 2280 μένων
214 2194 444 2280 προσφέρωσι,
468 2193 597 2279 δέχεται
619 2190 712 2258 ταῦτ’
739 2193 897 2277 εὐμενῶς,
921 2190 994 2258 ἀλλ’
1020 2193 1100 2259 ἀπο-

41 2320 66 2359 20
80 2301 256 2388 στρέφεται
270 2300 334 2366 7καὶ
362 2303 520 2385 δείγματα
549 2310 606 2384 τῆς
633 2308 810 2385 πονηρίας,
839 2300 900 2365 οὐκ
928 2301 1099 2384 εὐσέβειαν

79 2408 217 2491 ἡγεῖται.
263 2407 372 2490 <149>
395 2419 466 2484 τοῖς
496 2404 527 2471 θ’
553 2407 591 2471 ’ἐν
612 2404 668 2472 καὶ
691 2409 797 2491 μόνον
819 2405 916 2472 τοῦθ’
943 2407 1099 2492 ὅτιπερ

79 2513 123 2578 ἀν
145 2512 332 2598 φθέγξηται
359 2512 414 2578 καὶ
443 2514 581 2598 κελεόση
611 2514 629 2579 ό
652 2515 733 2589 θεὸς
757 2514 812 2577 διὰ
835 2515 965 2596 μνήμης
988 2515 1100 2596 έχουσι

79 2618 135 2684 καὶ
162 2620 325 2684 τεθνάναι
354 2625 481 2703 μᾶλλον
507 2618 528 2702 ή
556 2621 749 2703 παραβῆναί
773 2641 805 2681 τι
833 2619 961 2682 τούτων
988 2620 1101 2700 αίρου-

80 2725 195 2810 μένοις
217 2724 381 2809 τέρπεται,
403 2723 458 2790 καὶ
478 2721 557 2791 οὐδὲ
576 2727 702 2804 θυσίαν
722 2722 865 2804 ἐπιζητεῖ
881 2720 958 2806 παρ’
980 2723 1101 2805 αὐτῶν,

40 2851 65 2889 2⁵
81 2830 136 2896 καὶ
161 2833 250 2916 παρὰ
273 2834 430 2896 θυόντων
453 2829 505 2914 δέ,
532 2831 595 2895 κάν
624 2825 645 2914 ᾗ
669 2828 758 2911 λιτά,
786 2837 845 2912 τῆς
867 2831 982 2904 πενίας
1005 2828 1103 2911 ήθιον

82 2938 145 3021 τήν
162 2938 263 3022 τιμὴν
280 2936 301 3020 ή
319 2939 408 3022 παρὰ
426 2949 495 3003 τῶν
511 2936 770 3002 πλουσιωτάτων
789 2934 962 3013 δεξιοῦται.
993 2936 1102 3018 <150>

84 3047 126 3108 σὺ
149 3047 268 3110 τοίνυν
295 3050 367 3110 ίσθι
391 3045 514 3109 σαυτὸν
537 3041 582 3107 δι’
608 3044 710 3128 ὀργῆς
736 3045 816 3108 όντα
843 3052 889 3130 τῷ
917 3048 1000 3129 θεῷ·
1029 3065 1103 3105 κατ-

84 3152 274 3235 εφρόνησας
287 3151 350 3235 γάρ
369 3147 424 3213 καὶ
442 3148 668 3232 κατημέλησας
682 3143 730 3213 ὧν
744 3146 917 3213 ἐπέστειλε.
954 3158 1024 3222 πῶς
1042 3140 1104 3210 οὖν

85 3262 149 3320 οίει
180 3257 243 3338 τήν
275 3258 403 3320 θυσίαν
435 3253 478 3319 ἀν
510 3254 613 3319 αὐτὸν
644 3251 865 3337 προσβλέπειν
894 3250 926 3328 ἐξ
956 3247 1003 3317 ὧν
1030 3276 1105 3317 κατ-

43 3377 70 3416 ³⁰
87 3360 218 3445 έκρινεν
254 3358 439 3427 ἀπολέσθαι
476 3359 672 3444 γινομένην;
705 3359 792 3442 πλήν
824 3360 855 3422 εί
883 3357 926 3441 μή
964 3361 1107 3442 νομίζεις

160 3488 242 3546 §146
264 3480 544 3549 =1Reg.xv14.

146 3579 271 3621 Ionum.
297 3579 328 3620 Η.
951 3576 972 3624 ¹5
