2400 3840
510 67 662 162 ΕΒΔοιιιτ
1050 111 1094 176 87

77 269 270 352 ὁμοφύλους
293 270 347 345 είς
365 270 458 354 έριδα
481 268 537 334 καὶ
564 271 672 356 μάχην
699 271 899 357 παροξύνειν
922 271 1096 358 (ἁμαρτεῖν

76 376 141 461 γάρ
163 372 296 440 καὶτὸν
315 374 463 459 άδελφὸν
481 376 585 442 αὐτοῦ
601 375 771 461 Ἀσάηλον,
794 378 831 455 ὃς
851 389 1097 464 παραινοῦντος

76 482 122 565 μή
150 481 284 546 διώκειν
316 482 377 547 οὐκ
405 481 543 566 ἐπείσθη
571 481 626 548 καὶ
654 485 709 548 διδι
739 494 836 550 τοῦτο
869 482 1007 568 βληθεὶς
1033 485 1095 550 άπ-

77 585 204 672 έδανε),
228 589 466 674 συμφρονήσας
488 587 543 653 καὶ
566 589 774 675 παράκλησιν
792 589 998 673 ἡγησάμενος
1018 592 1096 655 τού-

45 716 156 770 ετους
191 696 270 770 τοὺς
306 695 426 775 λόγους
463 692 481 758 δ
511 692 642 778 Ἰώαβος
678 695 837 760 άνακαλεῖ
865 704 905 781 τῇ
938 695 1096 778 σάλπιγγι

76 800 226 882 σημήνας
252 802 331 876 τοὺς
363 798 563 884 στρατιώτας
589 798 645 864 καί
672 810 731 884 τῆς
759 799 812 866 ἐπὶ
838 804 925 866 πολὺ
952 801 1096 880 διώξεως

77 903 201 990 ἐπέσχε.
248 905 335 989 <18>
362 902 417 969 καί
441 899 538 981 οὗτος
561 901 623 989 μὲν
646 903 697 971 ἐπ’
723 905 852 971 ἐκείνου
876 924 1097 994 καταστρατο-

75 1013 249 1077 πεδεύεται
272 1019 332 1076 τοῦ
355 1013 458 1076 τόπον
481 1011 543 1093 τήν
560 1013 664 1076 νύκτα
684 1013 818 1095 ταύτην,
838 1011 1035 1100 Ἀβέννηρος
1058 1012 1097 1080 δὲ

77 1115 123 1182 δι’
154 1118 232 1200 ὅλης
259 1117 361 1201 αὐτῆς
388 1116 529 1194 ὁδεύσας
556 1115 611 1182 καὶ
637 1119 906 1204 περαιωσάμενος
933 1120 992 1185 τὸν
1016 1118 1097 1207 Ἰορ-

34 1248 61 1288 ιο
77 1223 184 1306 δάνην
197 1225 347 1308 ποταμὸν
362 1222 550 1307 ἀφικνεῖται
568 1226 651 1310 πρὸς
669 1226 729 1289 τὸν
746 1234 807 1290 τοῦ
821 1226 979 1290 Σαούλου
992 1228 1097 1292 παῖδα

76 1332 125 1406 είς
152 1330 210 1405 τάς
237 1331 457 1414 Παρεμβολὰς
482 1327 662 1414 Ἰέβοσθον.
713 1340 752 1416 τῇ
785 1329 816 1395 δ’
848 1329 986 1416 ἐχομένη
1018 1334 1098 1409 τοὺς

75 1438 215 1521 νεκροὺς
231 1433 364 1519 Ἰώαβος
383 1435 607 1521 ἐξαριθμήσας
625 1438 772 1514 άπαντας
791 1437 976 1520 ἐκήδευσεν.
1008 1438 1098 1522 <19>

76 1544 197 1606 έπεσον
224 1538 261 1605 δὲ
288 1553 355 1607 τών
383 1540 444 1626 μὲν
468 1540 670 1629 Ἀβεννήρου
699 1554 907 1629 στρατιωτῶν
935 1544 980 1620 ώς
1006 1567 1099 1629 τρια-

74 1649 185 1714 κόσιοι
207 1646 263 1712 καί
288 1646 459 1731 ἑξήκοντα,
486 1658 554 1713 τῶν
578 1645 615 1712 δὲ
637 1650 791 1715 Δαυίδου
819 1648 898 1714 δέκα
921 1652 1005 1733 πρὸς
1027 1662 1099 1727 τοῖς

36 1775 61 1818 ιε
78 1751 176 1818 ἐννέα
202 1750 258 1816 καὶ
283 1750 453 1835 Ἀσάηλος·
487 1746 537 1816 οὗἸ
554 1752 592 1817 τὸ
622 1763 714 1837 σῶμα
743 1757 938 1838 κομίσαντες
966 1754 1098 1820 ἐκεῖθεν

73 1858 208 1943 Ἰώαβος
229 1855 284 1923 καί
301 1856 489 1941 Ἀβεσσαῖος
513 1859 561 1934 είς
582 1856 779 1942 Βηθλεέμην
798 1856 853 1923 καὶ
872 1861 1042 1937 θάψαντες
1061 1859 1120 1925 ἐν’

76 1975 122 2053 τῷ
145 1962 286 2053 πατρῴῳ
309 1965 464 2048 μνήματι,
487 1965 570 2048 πρὸς
587 1965 743 2047 Δαυίδην
767 1967 814 2042 είς
833 1970 994 2052 Χεβρῶνα
1014 1988 1099 2054 παρ-

78 2071 242 2154 εγένοντο.
287 2071 374 2155 <20>
392 2069 513 2157 ήρξατο
533 2066 595 2154 μέν
614 2065 676 2135 οὖν
695 2070 727 2148 ἐξ
747 2070 875 2137 ἐκείνου
894 2082 954 2138 τοῦ
973 2077 1099 2160 χρόνον

77 2189 148 2254 τοῖς
172 2176 336 2263 Ἑβραίοις
369 2177 530 2260 ἐμφύλιος
562 2179 705 2260 πόλεμος
735 2175 790 2242 καὶ
824 2177 989 2262 διέμεινεν
1022 2183 1100 2267 άχρι

35 2305 64 2346 εο
77 2289 220 2367 πολλοῦ,
248 2293 316 2347 τῶν
338 2278 400 2366 μέν
422 2284 503 2366 μετά
525 2284 681 2348 Δαυίδου
706 2286 907 2368 κρειττόνων
932 2284 983 2351 άεί
1007 2310 1100 2370 γινο-

77 2389 189 2476 μένων
215 2386 270 2453 καὶ
298 2394 415 2454 πλεῖον
443 2388 480 2454 ἐν
506 2401 577 2466 τοϊς
602 2391 774 2466 κινδύνοις
798 2390 1009 2477 φερομένων,
1037 2402 1100 2459 τοῦ

79 2493 117 2561 δὲ
140 2496 298 2561 Σαούλου
321 2496 441 2571 παιδὸς
463 2493 518 2559 καὶ
541 2506 608 2560 τῶν
629 2496 787 2578 ὑπηκόων
810 2497 913 2562 αὐτοῦ
936 2501 1019 2563 κατά
1038 2508 1100 2564 πά-

79 2619 143 2667 σαν
167 2602 287 2685 σχεδὸν
309 2599 436 2687 ἡμέραν
460 2598 716 2683 ἐλαττουμένων.

146 2707 233 2791 <21>
249 2704 402 2788 ἐγένοντο
422 2702 459 2770 δὲ
476 2706 559 2770 κατά
573 2712 692 2769 τοῦτον
710 2705 770 2768 τὸν
783 2706 901 2789 καιρὸν
913 2703 969 2769 καὶ
982 2708 1099 2784 παῖδες
1117 2725 1136 2774 4

35 2837 62 2876 εε
79 2815 214 2898 Δανίδη
236 2814 297 2877 τὸν
320 2811 468 2898 ἀριθμὸν
490 2809 524 2889 ἓξ
549 2809 583 2875 ἐκ
606 2821 776 2892 γυναικών
800 2811 980 2876 τοσούτων·
1010 2806 1099 2878 ώνὸ

79 2918 142 3005 μὲν
165 2919 389 3005 πρεσβύτατος
418 2916 453 2981 ἐκ
475 2917 598 3002 μητρὸς
617 2914 747 3001 Ἀχινᾶς
774 2919 951 3001 γενόμενος
971 2914 1101 3001 Ἀμνῶν

80 3026 218 3110 ἐκλήθη,
242 3024 260 3090 ὁ
280 3020 317 3088 δέ
337 3023 491 3109 δεύτερος
510 3021 545 3087 ἐκ
563 3024 721 3104 γυναικὸς
737 3019 904 3106 Ἀβιγαίας
921 3025 1100 3104 Δανίηλος.

79 3142 125 3221 τῷ
157 3135 257 3220 τρίτφ
292 3128 322 3195 δ’
356 3129 391 3194 ἐκ
424 3137 482 3212 τῆς
516 3133 705 3214 Θολομαίου
739 3129 908 3214 θυγατρὸς
933 3129 1102 3213 Μαχάμης

80 3239 185 3323 φύντι
203 3245 264 3301 τοῦ
284 3239 462 3321 Γεσσηρών
481 3234 642 3319 βασιλέως
657 3232 882 3318 Ἀβεσάλωμος
900 3235 1018 3317 όνομα·
1040 3236 1102 3301 τὸν

36 3365 64 3406 so
81 3342 119 3410 δὲ
148 3343 306 3429 τέταρτον
325 3341 489 3406 Ἀδωνίαν
517 3340 552 3406 ἐκ
574 3343 734 3425 γυναικὸς
754 3337 910 3423 Ἀγγίθης
936 3346 1102 3427 προσηγό-

156 3462 507 3531 §17=2Reg.112ss.
581 3466 649 3527 §21
670 3461 1023 3518 τ-ιιΡειεώᾹΧΧὶ-ΐε,
