2400 3840
134 131 199 196 174
502 128 776 183 ΔΡΧΔΙΟΔΟΓΙΔΣ

133 311 227 379 φησι,
250 291 420 376 δέσποτα,
447 300 532 358 νοῦν
553 292 632 374 ὑγιᾶ
654 287 710 356 καὶ
733 291 901 378 φρόνησιν
926 288 1080 373 ἀγαθήν,
1105 277 1145 362 οἷς

134 400 176 466 ἀν
199 401 258 466 τὸν
286 391 369 466 λαὸν
396 397 525 482 τάληθῆ
553 395 608 464 καλ
635 400 675 463 τά
703 400 815 463 δίκαια
841 397 960 480 λαβὼν
987 391 1144 481 κρίνοιμι]

134 507 222 589 (24)
245 508 376 583 τούτοις
403 505 492 588 ήσθη
515 516 586 582 τοῖς
614 507 792 589 αἰτήμασιν
815 502 833 569 ὁ
855 504 954 586 θεός,
983 499 1040 567 καὶ
1063 500 1103 567 τά
1122 495 1144 563 τ’

134 615 219 679 ἀλλα
240 610 359 696 πάνθ’,
383 606 431 677 ὧν
454 611 516 677 ούκ
538 610 690 697 ἐμνήσθη
713 610 802 696 παρὰ
824 608 887 693 τήν
910 607 1070 692 ἐκλογήν,
1096 607 1147 671 δά

135 737 208 785 σειν
226 718 451 803 ἐπηγγείλατο,
474 723 631 802 πλοῦτον,
650 717 762 801 δόξαν,
782 719 880 799 νίκην
897 717 1081 799 πολεμίων,
1102 709 1164 778 καὶι

134 827 199 910 πρὸ
223 826 358 891 πάντων
380 816 517 891 σύνεσιν
538 822 594 890 καὶ
618 827 757 909 σοφίαν,
784 824 861 888 οἵαν
887 821 950 887 οὑκ
979 823 1082 898 ἄλλος
1106 842 1148 895 τις

135 931 326 1017 ἀνθρώπων
352 934 448 1016 ἔσχεν
472 933 549 997 οὔτε
571 929 736 1017 βασιλέων
762 927 834 996 οὔτ’
861 929 1025 1012 ἰδιωτῶν,
1053 925 1147 1012 φυλά-

135 1037 204 1115 ξειν
231 1059 266 1101 τε
297 1034 353 1101 καὶ
380 1049 451 1114 τοῖς
483 1037 633 1121 ἐκγόνοις
665 1037 769 1102 αὑτοῦ
800 1035 862 1119 τήν
894 1039 1073 1119 βασιλείαν
1103 1028 1147 1098 ἐπὶ

134 1147 290 1208 πλεῖστον
307 1144 499 1228 ὑπισχνεῖτο
517 1147 651 1230 χρόνον,
673 1143 717 1208 ἀν
740 1143 868 1218 δίκαιός
889 1138 920 1205 τ’
942 1140 993 1204 ὢν
1018 1136 1147 1224 διαμένη

117 1247 190 1315 ,καὶ
217 1251 417 1335 πειθόμενος
445 1249 534 1339 αὐτῷ
561 1247 617 1314 καὶ
644 1251 705 1316 τὸν
730 1247 855 1335 πατέρα
886 1248 1093 1332 μιμούμενος
1117 1242 1147 1308 ἐν
1157 1263 1174 1303 1⁰

136 1347 187 1432 οἷς
208 1351 252 1441 ήν
269 1358 411 1441 ἀριστος.
452 1356 539 1439 <25>
562 1363 666 1422 ταῦτα
687 1364 749 1421 τοῦ
768 1361 853 1420 θεοῦ
872 1354 1043 1438 Σολομὼν
1061 1351 1147 1418 ἀκού
1188 1419 1190 1428 ,

136 1480 196 1538 σας
219 1462 426 1546 ἀνεπήδησεν
444 1463 549 1539 εὐθὺς
572 1461 607 1527 ἐκ
624 1469 684 1546 τῆς
701 1465 823 1545 κοίτης,
845 1459 900 1525 καὶ
921 1460 1148 1546 προσκυνήσας
1188 1488 1190 1498 ⁴

136 1568 239 1633 αὐτὸν
265 1566 470 1654 ὑπέστρεψεν
498 1569 545 1644 είς
567 1565 794 1654 Ἱεροσόλυμα,
820 1563 877 1630 καὶ
903 1566 969 1651 πρὸ
999 1574 1061 1650 τῆς
1083 1584 1148 1651 σκη-
1188 1550 1190 1611 T

136 1682 197 1757 νής
223 1674 367 1757 μεγάλας
395 1672 582 1752 ἐπιτελέσας
608 1677 732 1751 θυσίας
763 1672 941 1756 κατευώχει
972 1675 1055 1750 τοὺς
1078 1670 1148 1736 Ἰου

137 1782 254 1858 δαίους
277 1781 432 1858 ἅπαντας.
1158 1789 1176 1834 1⁵

101 1907 117 1956 2
205 1889 301 1974 <26>
328 1889 463 1965 ταύταις
495 1883 532 1952 δέ
558 1898 631 1964 ταῖς
661 1883 799 1972 ήμέραις
829 1885 938 1971 κρίσις
972 1879 1024 1950 ἐπ’
1055 1884 1149 1950 αὑτὸν

136 1997 224 2080 ήχθη
249 1997 426 2080 δυσχερής,
452 1989 492 2077 ής
519 1995 556 2059 τὸ
580 1991 673 2070 τέλος
697 1993 808 2075 εὑρεῖν
834 1985 877 2074 ἦν
900 1989 1074 2057 ἐπίπονον.
1117 1990 1149 2054 τὸ

137 2097 174 2162 δέ
196 2109 340 2185 πρᾶγμα,
363 2094 439 2184 περὶ
458 2095 498 2165 οὑ
517 2098 715 2184 συνέβαινεν
733 2093 819 2163 εἶναι
842 2097 903 2180 τήν
922 2098 1032 2180 δίκην,
1057 2097 1151 2178 ἀναγ-

135 2214 232 2267 καῖον
254 2203 428 2287 ἡγησάμην
449 2205 607 2287 δηλῶσαι,
629 2205 685 2269 ἴνα
707 2214 778 2280 τοῖς
797 2203 1038 2287 ἐντυγχάνουσι
1062 2206 1152 2268 τότε

137 2308 301 2372 δύσκολον
323 2316 382 2390 της
403 2311 542 2392 κρίσεως
565 2310 735 2394 γνώριμον
762 2308 891 2396 ὑπάρξῃ
913 2307 969 2373 καὶ
992 2311 1183 2376 τοιούτωνῖθ

135 2412 256 2497 μεταξὺ
278 2412 481 2499 πραγμάτων
503 2416 677 2498 γενόμενοι
699 2414 857 2499 λάβωσιν,
882 2416 991 2500 ὥσπερ
1016 2415 1050 2494 ἐξ
1072 2417 1153 2482 εἰκό-

135 2544 194 2598 νος
215 2529 275 2606 τής
296 2528 357 2586 τοῦ
380 2517 542 2606 βασιλέως
565 2520 745 2607 ἀγχινοίας,
768 2524 805 2587 τὸ
830 2522 954 2609 ῥᾳδίως
972 2521 1153 2607 ἀποφαίνε-

137 2635 218 2695 σθαι
241 2626 317 2717 περὶ
339 2639 407 2694 τῶν
431 2627 639 2716 ζητουμένων
662 2631 861 2712 δυνηθῆναι.
908 2628 994 2710 <27>
1016 2630 1079 2694 δύο
1098 2653 1153 2712 γν-

136 2749 248 2815 ναῖκες
263 2735 388 2824 ἑταῖραι
402 2739 462 2802 τὸν
476 2741 552 2822 βίον
565 2732 648 2822 ήκον
663 2734 713 2803 ἐπ’
730 2735 843 2818 αὐτόν,
862 2729 910 2799 ὧν
927 2733 948 2816 ἡ
963 2733 1154 2800 ἀδικεῖσθαι

137 2843 282 2908 δοκοῦσα
308 2844 421 2935 πρώτη
450 2841 560 2925 λέγειν
589 2843 718 2928 ήρξατο.
765 2841 855 2907 οἰκῶ
883 2839 956 2926 μέν’
980 2835 1088 2926 εἶπεν,
1117 2837 1152 2905 (ὦ
1165 2854 1187 2895 ²⁶

80 2952 86 2962 “
136 2953 289 3031 βασιλεῦ,
317 2949 397 3030 μετά
420 2949 540 3030 ταύτης
563 2947 600 3011 έν
623 2944 673 3012 ἑνὶ
697 2947 866 3037 δωματίῳ,
889 2948 1012 3032 συνέβη
1038 2946 1068 3012 δ’
1096 2947 1153 3033 ἀμ-

138 3051 294 3138 φοτέραις
320 3051 401 3135 ήμίν
428 3049 481 3116 ἐπὶ
514 3061 591 3136 μιᾶς
622 3051 745 3139 ἡμέρας
777 3052 949 3119 ἀποτεκεῖν
980 3056 1064 3119 κατά
1093 3054 1154 3137 τήν

138 3160 242 3243 αὐτήν
270 3159 361 3245 ὥραν
388 3158 512 3244 ἀρρενα
538 3158 664 3222 παιδία.
712 3159 806 3241 <ἱ)8>
834 3163 947 3245 τρίτης
974 3158 1006 3224 δ’
1030 3144 1161 3246 ἡμέρας

138 3266 349 3349 διελθούσης,
368 3262 618 3348 ἐπικοιμηθεῖσα
636 3271 682 3350 τῷ
700 3264 802 3348 αὑτής
814 3267 936 3355 παιδίῳ
954 3265 1036 3349 αὕτη
1055 3276 1153 3332 τοῦτο

138 3366 199 3451 μὲν
222 3370 418 3454 ἀποκτείνει,
441 3369 631 3455 βαστάσασα
650 3364 687 3432 δέ
705 3368 831 3453 τούμὸν
854 3369 889 3436 ἐκ
912 3382 980 3437 τῶν
1002 3373 1154 3455 γονάτων
1165 3383 1190 3426 ³⁰

210 3493 225 3553 5
246 3495 280 3543 24
300 3491 567 3560 =3Reg.11110‚
