2400 3840
564 115 664 165 EKTH
1084 113 1126 176 67

107 280 215 356 θῆναι
241 275 279 338 τὸ
308 285 401 357 σῶμα
428 275 493 340 ὑπὸ
521 284 589 339 τῶν
617 276 727 356 λόγων
758 271 813 338 καὶ
845 282 904 356 τῆς
934 272 984 338 ἐπ’
1014 273 1128 351 αὐτοῖς

108 381 215 462 λύπης
238 378 379 461 ἐποίησε.
424 378 479 445 καὶ
506 377 585 445 δέκα
608 380 649 445 οὐ
672 383 807 457 πλείους
830 378 982 461 ἐπιζήσας
1004 378 1127 464 ἡμέρας

107 488 168 551 τὸν
196 489 273 570 βίον
299 484 497 572 κατέστρεψε
525 487 543 553 δ
572 487 736 571 Νάβαλος.
783 487 893 569 <307>
921 485 1066 562 ἀκούσας
1094 484 1124 549 δ’

107 591 213 658 αὐτοῦ
236 593 298 675 τῆν
320 593 477 675 τελευτὴν
500 594 518 658 ὁ
537 594 689 676 Δαυίδης
708 592 924 676 ἐκδικηθῆναι
947 588 1009 676 μέν
1027 591 1127 668 αὐτὸς

80 699 172 764 ιὺπὸ
196 709 256 764 τοῦ
279 705 364 764 θεοῦ
386 705 495 776 καλῶς
518 701 641 781 ἔλεγεν·
670 698 856 764 ἀποθανεῖν
879 700 941 783 γὰρ
967 699 1127 781 Νάβαλον

106 807 172 870 ὑπὸ
188 815 246 890 τῆς
260 807 349 882 ίδίας
362 809 534 890 πονηρίας,
552 803 607 870 καὶ
622 807 741 870 δοῦναι
758 806 856 887 δίκην
870 804 959 891 αὐτῷ
972 805 1127 889 καθαρὰν

107 914 218 996 ἔχοντι
245 911 307 995 τὴν
335 911 460 989 δεξιάν·
494 913 578 994 ἐγνω
607 908 644 976 δέ
671 910 726 976 καὶ
753 915 827 978 τότε
854 914 933 988 τοὺς
959 912 1127 996 πονηροὺς

107 1017 353 1102 ἐλαυνομένους
370 1019 435 1083 ὑπὸ
449 1027 510 1083 τοῦ
526 1025 621 1101 θεοῦ,
640 1020 782 1103 μηδενὸς
795 1029 863 1084 τῶν
878 1017 914 1082 ἐν
933 1018 1127 1103 ἀνθρώποις

106 1125 349 1210 ὑπερορῶντος,
374 1125 529 1200 διδόντος
552 1120 588 1188 δέ
611 1136 681 1201 τοῖς
705 1120 766 1207 μὲν
789 1123 932 1206 ἀγαθοῖς
954 1126 994 1189 τδι
1018 1126 1126 1208 ὅμοια,

67 1251 94 1290 ιο
108 1242 180 1306 τοῖς
194 1227 232 1294 δέ
245 1241 405 1315 πονηροῖς
419 1230 530 1308 ὀξεῖαν
544 1228 762 1315 ἐπιφέροντος
776 1232 837 1313 τῆν
851 1232 981 1312 ποινήν.
1015 1232 1125 1314 <308>

108 1333 239 1420 πέμψας
262 1333 294 1401 δ’
316 1335 419 1401 αὐτοῦ
440 1337 523 1421 πρὸς
541 1336 602 1418 τὴν
620 1348 762 1418 γυναῖκα
786 1337 1053 1418 συνοικήσουσαν
1070 1333 1126 1400 καὶ

107 1440 391 1527 γαμηθησομένην
416 1447 512 1507 καλεῖ
540 1443 624 1527 πρὸς
653 1443 768 1507 αὑτόν·
801 1443 821 1525 ῆ
854 1440 885 1506 δ’
920 1442 1038 1526 ἀναξία
1065 1438 1126 1526 μὲν

108 1545 195 1613 εἶναι
217 1546 272 1614 καὶ
290 1550 405 1614 ποδῶν
428 1549 579 1626 ἅψασθαι
598 1558 666 1612 τῶν
685 1547 815 1613 ἐκείνου
837 1550 921 1633 πρὸς
943 1552 1021 1624 τοὺς
1044 1569 1126 1632 παρ-

107 1659 207 1732 όντας
230 1657 358 1738 ἔλεγεν,
381 1654 469 1739 ὅμως
488 1651 526 1719 δέ
544 1655 625 1739 μετὰ
648 1654 754 1736 πάσης
776 1663 835 1736 τῆς
853 1659 1035 1739 θεραπείας
1059 1649 1126 1737 ῆκε.

65 1781 91 1822 15
105 1759 161 1826 καὶ
190 1758 360 1848 συνῴκησε
387 1757 448 1844 μὲν
476 1760 580 1848 αὐτῷ,
610 1761 734 1842 ταύτην
764 1764 912 1844 λαβοῦσα
938 1761 1001 1842 τὴν
1028 1761 1127 1843 τιμὴν

105 1864 161 1932 καὶ
186 1868 241 1931 διὰ
264 1868 301 1931 τὸ
325 1869 385 1931 τὸν
405 1870 530 1952 τρόπον
550 1861 812 1951 σώφροναεῖναι
831 1863 886 1929 καὶ
907 1868 1047 1948 δίκαιον,
1070 1890 1127 1931 τυ-

105 1982 211 2058 χοῦσα
239 1971 270 2037 δ’
301 1972 404 2056 αὐτῆς
431 1971 487 2038 καὶ
520 1974 577 2037 διὰ
608 1973 646 2037 τὸ
673 1972 801 2049 κάλλος.
851 1972 961 2054 <309>
991 1968 1056 2056 εἶχε
1089 1970 1127 2038 δέ

106 2081 259 2161 Δαυίδης
286 2091 428 2162 γυναῖκα
455 2082 633 2165 πρότερον,
663 2079 704 2161 ἣν
733 2077 766 2156 ἐξ
795 2076 972 2163 Ἀβισάρου
999 2082 1126 2156 πόλεως

106 2189 219 2270 ἔγημε·
243 2187 402 2270 Μιχάλαν
425 2182 463 2250 δέ
484 2186 546 2268 τῆν
570 2187 727 2251 Σαούλου
750 2195 810 2251 τοῦ
834 2184 995 2270 βασιλέως
1018 2193 1125 2269 θυγα-

62 2314 90 2353 ιο
105 2289 184 2377 τέρα
207 2292 268 2374 τὴν
291 2291 475 2377 γενομένην
497 2302 558 2358 τοῦ
575 2294 730 2357 Δαυίδου
753 2305 896 2375 γυναῖκα
917 2293 935 2358 ὁ
954 2293 1060 2378 πατὴρ
1079 2302 1125 2379 τῷ
1178 2290 1180 2294 ⁴

108 2401 232 2485 Φελτίῳ
255 2400 317 2486 υίῶ
337 2402 445 2465 Λίσου
464 2398 666 2481 συνέζευξεν,
690 2398 726 2464 ἐκ
748 2403 875 2477 πόλεως
893 2403 964 2466 ὄντι
985 2401 1123 2475 Γεθλᾶς.

173 2504 282 2588 <3ΙΟ>
314 2507 394 2590 μετὰ
423 2507 526 2571 ταῦτά
555 2530 644 2582 τινες
673 2505 830 2581 ἐλθόντες
861 2517 929 2570 τῶν
963 2510 1158 2588 Ζιῳηνῶνο

105 2612 310 2694 ἀπήγγειλαν
337 2621 383 2699 τῳ
406 2613 549 2699 Σαούλῳ
578 2612 622 2688 ὡς
653 2617 702 2693 είη
726 2612 828 2676 πάλιν
850 2612 1002 2691 Δαυίδης
1026 2609 1062 2675 ἐν
1085 2620 1123 2693 τῆ

104 2719 197 2806 χώρῳ
215 2717 337 2802 αὐτῶν,
357 2716 413 2783 καὶ
432 2720 593 2783 δύνανται
613 2720 791 2799 συλλαβεῖν
810 2715 913 2779 αὐτὸν
931 2712 1124 2802 βουλομένῳ

61 2843 88 2883 2⁵
105 2833 318 2910 συνεργῆσαι.
364 2825 382 2890 ὃ
411 2822 448 2889 δέ
476 2825 556 2909 μετὰ
582 2826 774 2908 τρισχιλίων
802 2821 947 2886 ὁπλιτῶν
976 2818 1125 2902 ἐβάδιζεν

105 2927 157 2994 ἐπ’
178 2929 292 3013 αὐτόν,
314 2929 370 2995 καὶ
389 2933 509 3007 νυκτὸς
530 2929 736 3011 ἐπελθούσης
755 2924 1053 3013 ἐστρατοπέδευσεν
1071 2925 1128 2990 ἐπί

103 3060 172 3101 τινι
195 3039 285 3125 τόπῳ
305 3039 434 3103 Σεκελδι
452 3035 628 3124 λεγομένῳ.
675 3037 784 3119 <311>
803 3037 955 3117 Δαυίδης
974 3031 1004 3098 δ’
1026 3033 1124 3097 ἀκού-

103 3161 166 3219 σας
188 3144 248 3208 τὸν
271 3143 429 3210 Σάουλον
453 3141 503 3208 ἐπ’
529 3143 632 3208 αὐτὸν
654 3144 795 3226 ἥκοντα,Ι
814 3140 944 3226 πέμψας
966 3142 1124 3205 κατασκό-

102 3272 190 3326 πους
218 3248 368 3315 ἐκέλευσε
397 3251 522 3332 δηλοῦν
550 3249 638 3336 αύτῷ
666 3260 726 3314 ποῖ
750 3257 809 3332 τῆς
835 3249 943 3331 χώρας
970 3246 1124 3323 Σάουλος

59 3375 87 3414 ³0
102 3356 168 3438 ἤδη
187 3358 444 3441 προσεληλύθοι.
490 3367 558 3421 τῶν
577 3353 608 3419 δ’
630 3355 667 3420 ἐν
686 3360 814 3441 Σεκελρῖ
833 3351 1033 3438 φρασάντων
1053 3355 1123 3418 δια-

177 3482 260 3542 §30⁷
282 3502 316 3522 =
336 3477 434 3545 1Reg.
454 3476 531 3530 XXV
546 3483 589 3532 39.

945 3564 984 3618 ἓν*
1054 3608 1056 3612 .
