2400 3840
523 157 622 207 ΕΚΤΗ
1039 154 1080 219 59

55 313 133 400 περὶ
152 314 277 392 αὐτοὺς
296 314 436 400 ἐσόμενα
456 317 538 380 ίδὼν
556 318 616 381 τὸν
633 318 788 398 Δώηκον·
813 317 997 401 ὑπονοῆσαι
1016 320 1079 403 γάρ

57 422 350 505 διαβληθήσεσθαι
373 424 456 507 πρὸς
479 421 583 486 αὐτοῦ
606 423 666 487 τὸν
689 420 842 507 ἀρχιερέα
870 432 915 509 τῷ
940 426 1079 506 βασιλεῖ,

57 525 111 591 καὶ
135 536 197 610 τῆς
219 526 355 612 ἀτυχίας
382 531 502 611 ταύτης
530 528 644 606 αὐτοῖς
672 529 775 594 αὑτὸν
799 526 922 613 ᾐτιᾶτο.
967 528 1080 612 μένειν

59 631 89 696 δ’
115 632 241 698 αὐτόθι
268 631 323 697 καὶ
351 636 414 699 σὺν
437 633 526 721 αὐτῷ
551 636 748 719 διατρίβειν,
777 635 821 711 ὡς
847 633 907 699 οὐκ
931 632 967 698 ἐν
991 636 1079 722 ἀλλφ

34 741 149 826 ετόπφ
174 740 360 822 λησόμενον
382 740 488 817 οὕτως
511 740 615 822 ήξίον.

126 845 238 927 <271>
253 847 335 909 κατά
349 842 386 910 δέ
399 855 520 910 τοῦτον
534 849 593 912 τὸν
606 848 724 931 καιρὸν
738 845 882 922 ἀκούσας
896 846 913 911 ὁ
929 846 1080 927 Δαυίδης
1093 848 1133 912 13
1184 832 1186 837 ’

58 954 138 1027 τοὺς
170 952 418 1028 Παλαιστιυοὺς
455 950 695 1036 ἐμβεβληκότας
732 954 779 1028 είς
810 953 872 1036 τῆν
902 955 1080 1016 Κιλλανῶν

58 1059 172 1142 χώραν
190 1055 245 1120 καὶ
264 1058 388 1139 ταύτην
407 1058 656 1142 διαρπάζοντας,
681 1059 820 1123 δίδωσιν
844 1056 963 1123 ἑαυτὸν
982 1074 1079 1143 στρα-

58 1165 169 1228 τεύειν
194 1161 244 1228 ἐπ’
268 1163 399 1245 αὐτούς,
422 1173 482 1228 τοῦ
505 1171 590 1229 θεοῦ
614 1166 669 1229 διά
692 1173 751 1229 τοῦ
775 1167 949 1249 προφήτου
972 1168 1079 1230 πυθό-

27 1291 48 1330 ιο
59 1292 159 1352 μενος
182 1272 213 1334 εί
235 1267 409 1353 ἐπιτρέπει.
450 1278 510 1333 τοῦ
534 1266 571 1333 δὲ
594 1274 691 1350 νίκην
714 1274 888 1354 σημαίνειν
911 1272 1079 1353 φήσαντος

61 1374 249 1460 ἐξώρμησεν
277 1373 329 1440 ἐπὶ
353 1377 431 1450 τοὺς
454 1379 701 1453 Παλαιστινοὺς
728 1377 808 1460 μετὰ
835 1387 902 1441 τῶν
920 1373 1078 1463 Ιὲταίρωυ,

59 1479 113 1545 καὶ
143 1483 252 1565 φόνον
283 1479 312 1545 τ’
343 1479 454 1545 αὐτῶν
485 1475 592 1546 πολύν
624 1479 728 1565 ἐξέχεε
759 1480 814 1546 καὶ
845 1484 939 1546 λείαν
968 1483 1078 1564 ήλασε.

60 1589 169 1670 <272>
196 1585 252 1652 καὶ
279 1591 483 1673 παραμείνας
510 1599 580 1663 τοῖς
608 1590 788 1664 Κιλλανοῖς
810 1585 880 1674 [ἕως
907 1589 965 1664 τάς
993 1589 1079 1665 ἀλως

59 1691 113 1757 καὶ
137 1694 198 1758 τὸν
220 1696 347 1778 καρπὸν
375 1701 530 1760 συνεῖλον
556 1693 676 1776 ἀδεῶς,
705 1695 847 1781 Σαούλῳ
875 1704 921 1781 τῷ
949 1698 1079 1778 βασιλεῖ

28 1801 220 1883 αμηυύεται
243 1797 320 1885 παρ’
346 1800 459 1876 αὐτοῖς
483 1802 543 1864 ὥν·
567 1800 604 1864 τὸ
628 1800 690 1883 γάρ
711 1802 810 1883 ἔργον
831 1798 885 1863 καλ
905 1801 942 1864 τὸ
962 1802 1078 1883 κατόρ-

59 1913 159 1990 θωμα
187 1905 248 1970 οὐκ
272 1909 378 1990 ἔμεινε
402 1904 479 1990 παρ’
506 1897 557 1982 οἷς
581 1903 725 1987 ἐγένετο,
754 1907 846 1989 φήμη
875 1903 905 1969 δ’
932 1903 984 1968 ἐπὶ
1013 1913 1078 1968 πᾶν

60 2019 107 2090 είς
134 2037 170 2077 τε
197 2014 255 2089 τάς
277 2024 344 2078 τῶν
371 2015 483 2078 ἀλλων
506 2011 605 2088 ἀκοάς
632 2009 794 2095 καὶπρὸς
820 2013 877 2087 τάς
902 2019 963 2075 τοῦ
986 2013 1079 2094 βασι-

59 2119 143 2195 λέως
167 2119 377 2201 διεκομίσθη,
406 2117 486 2183 αὑτό
514 2139 549 2180 τε
578 2115 778 2181 συνιστάνον
805 2115 943 2181 καὶτὸν
966 2137 1079 2182 πεποι-

58 2228 171 2308 ηκότα.
217 2223 326 2306 <273>
352 2227 460 2307 χαίρει
488 2218 524 2286 δέ
553 2221 706 2300 Σάονλος
733 2221 876 2300 ἀκούσας
907 2222 943 2287 ἐν
970 2227 1079 2311 Κίλλα

24 2333 119 2396 υτὸν
143 2332 308 2412 Δαυίδην,
331 2333 389 2393 καί
410 2329 501 2404 (θεὸς
523 2329 587 2411 ήδη
610 2327 703 2413 χερσὶ
726 2341 799 2406 ταῖς
821 2328 913 2414 ἐμαῖς
934 2329 1077 2395 ὑπέθετο

59 2434 176 2501 αὐτόν’
201 2436 312 2516 είπών,
337 2432 418 2499 ’ἐπεὶ
437 2432 491 2498 καὶ
511 2435 761 2517 συνηνάγκασεν
783 2432 896 2499 ἐλθεῖν
915 2439 962 2512 είς
980 2439 1078 2501 πόλιν

58 2546 150 2625 τείχη
174 2540 228 2605 καλ
252 2542 358 2616 πύλας
380 2538 434 2603 καὶ
458 2543 602 2624 μοχλοὺς
626 2539 794 2622 ἐχουσαν,’
818 2550 863 2626 τῷ
887 2547 955 2628 λαῷ
978 2541 1077 2607 παντὶ

57 2647 262 2735 προσέταξεν
276 2644 328 2711 ἐπὶ
342 2647 403 2728 τὴν
417 2649 546 2711 Κίλλαν
561 2644 738 2729 ἐξορμῆσαι
751 2644 805 2709 καὶ
821 2648 1079 2729 πολιορκήσαντι

57 2753 115 2820 καὶ
135 2755 271 2837 λαβόντι
290 2755 349 2818 τὸν
367 2754 522 2836 Δαυίδην
545 2751 745 2816 ἀποκτεῖναι.
792 2752 901 2833 <274>
924 2759 1026 2815 ταῦτα
1046 2750 1076 2816 δ’

22 2862 265 2944 κταίσθόμενος
289 2859 486 2941 ὁΔαυίδης,
509 2856 563 2922 καὶ
587 2859 707 2942 μαθὼν
729 2857 818 2941 παρὰ
841 2865 901 2920 τοῦ
921 2863 1005 2921 θεοῦ
1029 2859 1080 2923 ὅτι

56 2971 222 3053 μείναντα
236 2962 313 3048 παρ’
330 2964 443 3040 αὐτοῖς
457 2965 493 3029 οί
505 2967 658 3029 Κιλλῖται
673 2962 855 3028 ἐκδώσουσι
870 2962 915 3052 τῷ
925 2965 1079 3051 Σαούλῳ,

55 3071 265 3158 παραλαβὼν
287 3073 365 3147 τοὺς
387 3073 618 3155 τετρακοσίους
641 3069 768 3154 ἀπῆρεν
791 3069 855 3135 ἀπὸ
878 3079 936 3152 τῆς
954 3072 1086 3146 πόλεωςΔ

56 3184 108 3257 είς
135 3178 199 3261 τὴν
223 3179 345 3261 ἔρημον
374 3174 483 3241 ἐπάνιο
511 3185 569 3259 τῆς
594 3173 765 3258 Ἐνγεδαῒν
793 3173 979 3259 λεγομένης.
1024 3176 1079 3241 καὶ

56 3289 74 3355 ὁ
106 3282 171 3370 μὲν
199 3286 354 3366 βασιλεὺς
381 3282 525 3358 ἀκούσας
552 3280 654 3345 αὐτὸν
681 3285 870 3367 πεφευγότα
897 3283 985 3366 παρά
1013 3295 1080 3347 τῶν

15 3397 233 3459 εοΚιλλιτῶν
261 3388 423 3454 ἐπαύσατο
456 3397 514 3472 τῆς
542 3386 591 3452 ἐπ’
622 3387 724 3453 αὐτὸν
754 3392 939 3472 στρατείας,
972 3390 1081 3472 <2ἶ5>

133 3515 223 3578 §271
247 3510 399 3579 =1Reg.
420 3510 510 3564 XXIII
527 3516 548 3564 1.
