2400 3840
109 149 154 213 82
423 147 697 201 εειιειοιονιιε
715 150 814 198 ιιαυει
845 182 847 184 -

108 327 173 375 σαν
195 311 278 395 πρὸς
304 311 345 374 τδι
367 312 456 394 τείχη
484 317 543 393 τῆς
566 308 707 392 Βηθσάν
734 311 875 390 πόλεως,
903 307 923 389 ἣ
951 316 1016 371 νῦν
1039 312 1130 371 Σκυ-

107 419 252 492 θόπολις
265 421 421 480 καλεῖται.
458 415 567 498 <375>
584 411 653 479 ἐπεὶ
672 412 703 477 δ’
719 415 868 496 ἥκουσαν
883 415 918 478 ολ
930 413 967 477 έν
979 411 1129 500 Ἰαβισσῷ

109 525 204 587 πόλει
223 530 281 605 της
296 522 515 597 Γαλαδίτιδος
531 529 762 596 κατοικοῦντες
782 520 831 584 ὅτι
847 519 1050 602 λελώβηνται
1069 521 1130 583 τὸν

109 628 269 692 Σαούλου
292 629 412 713 νεκρὸν
438 624 493 691 καὶ
520 629 598 702 τοὺς
620 635 689 690 τῶν
711 627 842 690 παίδων
870 626 988 707 αὐτοῦ,
1017 627 1131 689 δεινὸν

108 733 312 818 ἡγησάμενοι
339 734 502 819 περιιδεῖν
534 732 752 815 ἀκηδεύτους,
785 730 977 809 ἐξελθόντες
1010 731 1044 795 οί
1073 730 1159 794 ἀνι

111 841 295 926 δρειότατοι
322 838 377 904 καὶ
407 842 511 924 τόλμη
543 836 760 926 διαφέροντες
790 835 824 923 (ἡ
854 834 891 901 δὲ
918 840 1014 912 πόλις
1047 836 1130 918 αὕτη

108 944 166 1010 καὶ
185 947 336 1029 σώμασιν
353 946 512 1031 ἀλκίμους
529 943 585 1010 καὶ
603 955 726 1029 ψυχαῖς
744 941 855 1030 φέρει)
880 943 988 1026 <376>
1006 940 1061 1006 καὶ
1082 940 1127 1006 δι’

111 1052 190 1132 ὅλης
216 1059 274 1133 τῆς
301 1052 422 1128 νυκτὸς
449 1051 645 1127 ὁδεύσαντες
676 1045 785 1133 ἦλθον
816 1051 863 1125 είς
889 1050 951 1131 τὴν
978 1048 1132 1130 Βηθσάν,

109 1154 165 1220 καὶ
180 1159 425 1242 προσελθόντες
441 1166 487 1245 τῷ
505 1160 605 1240 τείχει
623 1167 691 1221 των
709 1158 876 1240 πολεμίων
894 1153 950 1219 καὶ
968 1157 1130 1219 καθελόν-

109 1285 164 1339 τες
186 1264 224 1327 τὸ
248 1273 341 1345 σῶμα
360 1263 518 1327 Σαούλου
539 1260 595 1327 καὶ
617 1263 658 1326 τά
680 1273 748 1326 τῶν
766 1262 896 1326 παίδων
915 1259 1019 1325 αὐτοῦ
1037 1263 1130 1344 κομί·
1146 1285 1173 1324 ιο

111 1371 225 1446 ζουσιν
249 1362 296 1444 είς
316 1365 494 1452 Ἰαβισσόν,
522 1365 605 1453 μηδὲ
632 1378 700 1432 τῶν
727 1370 896 1451 πολεμίων
923 1366 1045 1443 αὐτοὺς
1067 1391 1131 1431 κω-

110 1479 210 1539 λῦσαι
238 1471 456 1556 δυνηθέντων
483 1472 504 1555 ἢ
526 1472 763 1558 τολμησάντων
791 1474 847 1537 διά
874 1473 936 1555 την
962 1472 1132 1557 ἀνδρείαν.

109 1580 219 1662 <377>
243 1580 278 1644 οί
299 1577 331 1643 δ’
350 1576 548 1662 Ἰαβισσηνολ
572 1578 735 1664 πανδημεὶ
758 1581 940 1655 καύσαντες
962 1579 1131 1643 θάπτουσι

110 1686 151 1750 τά
174 1682 297 1769 σώματ’
323 1683 360 1749 ἐν
381 1694 427 1772 τῷ
450 1688 613 1774 καλλίστω
636 1694 695 1769 της
717 1687 826 1771 χώρας
848 1687 948 1773 τόπςο,
972 1683 1132 1769 Ἀρούρης

110 1790 293 1881 λεγομένῳ·
325 1789 380 1856 καὶ
409 1789 536 1868 πένθος
564 1790 617 1876 ἐφ’
647 1790 771 1878 ἡμέρας
798 1789 878 1856 ἕπτά
908 1794 983 1867 σὺν,
998 1789 1130 1872 γυναιξὶ
1147 1809 1173 1849 15

110 1898 167 1964 καὶ
199 1898 328 1974 τέκνοις
360 1895 411 1962 ἐπ’
446 1897 561 1975 αὐτοῖς
591 1892 690 1982 ἦγον,
726 1900 923 1982 κοπτόμενοι
959 1893 1014 1961 καὶ
1046 1903 1131 1980 θρη-

111 2014 249 2082 νοῦντες
270 2007 331 2070 τὸν
354 2003 491 2089 βασιλέα
513 2003 569 2070 καὶ
591 2008 670 2082 τοὺς
689 2006 811 2081 παῖδας
831 2003 945 2086 αὐτοῦ,
969 2005 1048 2086 μήτε
1071 2025 1131 2067 πο-

111 2119 172 2174 τοῦ
195 2112 275 2194 μήτε
297 2119 426 2196 τροφῆς
448 2111 655 2195 ηευσάμενοι.

72 2235 93 2282 9
179 2215 288 2297 <378>
301 2225 400 2280 τοῦτο
415 2215 569 2292 Σάουλος
582 2218 620 2281 τὸ
638 2214 732 2291 τέλος
751 2217 824 2298 ἔσχε
837 2216 1131 2299 προφητεύσαντος

112 2321 316 2404 Σαμουήλου
339 2321 395 2384 διά
413 2322 451 2385 τὸ
470 2330 676 2406 παρακοῦσαι
695 2329 755 2385 τοῦ
776 2326 860 2385 θεοῦ
879 2331 947 2385 τῶν
966 2319 1016 2384 ἐπ’
1036 2319 1130 2405 Ἀμα-
1146 2339 1174 2378 2⁰

113 2427 260 2506 ληκίταις
284 2424 443 2507 ἐντολῶν,
469 2424 524 2490 καὶ
549 2426 599 2490 ὅτι
621 2426 684 2509 τὴν
703 2424 911 2511 Ἀχιμελέχου
938 2436 999 2491 τοῦ
1022 2427 1131 2512 ἀρχιε-

112 2528 196 2613 ρέως
219 2531 338 2611 γενεὰν
355 2529 410 2596 καλ
427 2528 634 2616 Ἀχιμέλεχον
657 2531 759 2598 αὐτὸν
781 2531 836 2598 καὶ
854 2533 1001 2616 τὴντῶν
1022 2533 1132 2618 ἀρχιε-

113 2634 199 2720 ρέων
217 2639 317 2702 πόλιν
335 2636 475 2703 ἀνεῖλεν.
518 2637 710 2723 ἐβασίλευσε
728 2635 766 2704 δὲ
785 2640 988 2724 Σαμουήλου
1011 2641 1132 2716 ζῶντος

112 2745 168 2825 ἔτη
192 2743 276 2808 ὀκτὼ
299 2746 384 2830 πρὸς
410 2756 481 2820 τοῖς
508 2743 602 2828 δέκα,
628 2747 884 2828 τελευτησαντος
912 2742 949 2809 δὲ
977 2745 1038 2808 δύο
1064 2743 1131 2821 [καλ

111 2852 242 2928 είκοσιλ
1145 2868 1174 2908 ει

179 2950 234 3018 καὶ
257 2954 412 3030 Σάουλος
435 2952 495 3039 μὲν
518 2955 605 3020 οὕτω
627 2954 825 3042 κατέστρεψε
846 2956 907 3020 τὸν
930 2958 1014 3040 βίον.

185 3078 266 3140 §375
286 3100 320 3119 =
342 3074 440 3142 lReg.
454 3075 546 3129 XXXI
562 3081 591 3130 11
605 3093 646 3144 sq.
720 3075 1078 3142 §378=1Paral.x13
1090 3094 1131 3144 sq.

512 3310 727 3323 -Φ--υη
