2400 3840
107 132 175 198 260
481 123 766 187 ιεωοεοειεε,

107 292 246 359 καὶτῶν
264 292 304 357 τδι
322 300 437 374 πρῶτα
453 295 515 353 τοῦ
533 286 686 368 πλήθους
703 281 920 368 φερομένων,
941 281 1136 369 παραινέσας

110 400 275 485 ἐπιμελεῖς
306 393 362 462 καὶ
394 395 525 470 δικαίας
557 397 730 457 ποιεῖσθαι
765 388 879 467 πάσας
911 391 978 468 τὰς
1008 395 1136 474 κρίσεις·

112 508 177 591 <5>
202 505 245 571 ἂν
268 499 305 569 δὲ
329 498 404 585 περὶ
427 501 588 584 μειζόνων
615 497 784 582 διαφοράν
812 497 954 580 ἔχοντες
978 508 1048 562 τῶν
1071 498 1138 581 ὁμο

112 615 230 697 φύλων
253 604 341 685 τινὲς
365 605 400 672 ἐκ
422 617 491 671 τῶν
513 605 626 670 ἀλλον
648 601 802 688 πέμήωσι
825 602 915 688 πρὸς
939 602 1068 680 αὐτοὺς
1089 605 1138 668 πό-

112 724 208 800 λεων,
232 717 363 792 τούτοις
386 712 428 797 δή
447 712 527 796 μετὰ
544 712 700 787 πλείονος
717 709 872 791 σπουδής
890 707 1156 794 ἀποφαίνεσθαι

114 824 251 898 δικαίως
281 818 358 905 περὶ
389 830 458 884 τῶν
490 815 705 903 πραγμάτων·
738 814 884 898 μάλιστα
916 815 987 901 γδιρ
1022 818 1081 894 τὰς
1109 814 1139 880 ἐν

114 930 217 1012 ταύτῃ
243 935 283 1010 τῃ
312 926 407 990 πόλει
434 926 574 1009 κρίσεις,
602 919 640 987 ἐν
667 913 688 1006 ᾗ
710 921 771 985 τόν
796 940 833 985 τε
857 920 948 984 ναδυ
977 915 1068 986 εἶναι
1088 929 1138 986 τοῦ

115 1041 200 1100 θεοῦ
218 1027 405 1114 συμβέβηκε
422 1025 478 1093 καὶ
497 1029 630 1094 δίαιταν
648 1026 666 1094 ὁ
685 1027 842 1110 βασιλεὺς
860 1026 944 1110 ἔχει,
963 1029 1139 1114 προσήκειν

116 1136 300 1212 σπουδαίας
319 1129 478 1200 εἶναικαὶ
497 1132 714 1209 δικαιοτάτας.
755 1130 821 1214 <6>
843 1131 1022 1216 ἄρχοντας
1041 1132 1071 1198 δ’
1092 1132 1139 1198 αύ

115 1254 183 1308 τῶν
211 1241 449 1308 ἀποδείκνυσιν
473 1237 632 1325 Ἀμασίαν
661 1239 721 1304 τὸν
741 1234 840 1323 ’ἱερέα
869 1235 931 1302 καὶ
961 1242 1139 1325 Ζαβαδίαν,
1149 1257 1165 1298 ιι

117 1348 153 1415 ἐκ
175 1358 234 1433 τής
254 1346 365 1414 Ἰούδα
387 1351 498 1432 φυλίης
519 1342 703 1431 ἑκατέρους.

182 1453 238 1520 καὶ
261 1456 279 1521 ὁ
306 1451 367 1539 μὲν
390 1454 546 1538 βασιλεὺς
568 1459 689 1516 τοῦτον
711 1451 772 1516 τὸν
788 1451 917 1535 τρόπον
937 1449 1093 1517 διέταττε
1108 1451 1140 1515 τὰ

82 1578 98 1627 2
117 1560 307 1645 πράγματα,
336 1561 401 1643 <7>
424 1559 506 1623 κατὰ
529 1553 567 1622 δὲ
589 1558 649 1623 τὸν
673 1557 775 1623 αὐτὸν
797 1555 919 1640 καιρὸν
946 1554 1141 1643 ἐστράτευον

119 1662 169 1731 ἐπ’
196 1665 299 1730 αὐτὸν
319 1668 499 1748 Μωαβῖται
521 1659 578 1728 καὶ
597 1660 801 1747 Ἀμμανῖται,
824 1667 1141 1748 συμπαραλαβόντες

119 1769 174 1838 καὶ
185 1769 336 1858 Ἀράβων
354 1771 500 1855 μεγάλην
516 1781 648 1856 μοῖραν,
665 1765 722 1834 καὶ
739 1771 1167 1854 καταστρατοπεδεύονταισ

121 1882 205 1965 πρὸς
232 1876 389 1964 Ἰθγγαδδὶ
420 1880 529 1961 πόλει,
565 1873 700 1960 κειμένῃ
730 1875 814 1961 πρὸς
843 1881 884 1958 τῃ
913 1871 1142 1961 Ἀσφαλτίτιδι

121 1988 237 2071 λίμνῃ,
264 1988 474 2071 τριακοσίους
501 1982 668 2066 ἀπεχούσῃ
691 1981 847 2057 σταδίους
871 1991 943 2044 τῶν
962 1979 1141 2068 Ἱεροσολύ-

122 2114 203 2173 μων.
240 2100 397 2171 γεννᾶται
416 2087 446 2153 δ’
469 2088 505 2154 ἐν
524 2089 606 2173 αὐτή
626 2085 738 2174 φοίνιξ
758 2087 776 2152 δ
794 2086 972 2164 κάλλιστος
992 2089 1053 2154 καὶ
1071 2090 1142 2155 ὀπο-

122 2194 302 2276 βάλσαμον.
349 2194 413 2276 <8>
431 2194 576 2271 ἀκούσας
599 2192 630 2258 δ’
648 2192 848 2279 Ἰωσάφατος
870 2192 921 2258 ὅτι
939 2194 1005 2276 τήν
1025 2198 1142 2280 λίμνην

124 2297 300 2378 διαβάντες
323 2300 358 2362 ολ
378 2296 531 2381 πολέμιοι
554 2297 795 2381 ἐμβεβλήκασιν
816 2299 881 2383 ήδη
901 2300 950 2375 είς
969 2302 1033 2383 τήν
1054 2306 1169 2386 βασι-ό

125 2400 309 2487 λευομένην
341 2400 397 2468 ὑπ’
433 2403 537 2468 αὐτοῦ
569 2404 696 2491 χώραν,
733 2407 845 2483 δείσας
882 2407 930 2482 είς
967 2405 1142 2492 ἐκκλησίαν

122 2508 260 2593 συνάγει
287 2512 347 2575 τὸν
375 2511 482 2595 δήμου
508 2521 576 2576 τῶν
599 2508 871 2599 Ἱεροσολυμιτῶν
898 2514 947 2588 είς
972 2515 1014 2578 τὸ
1045 2517 1142 2598 ίερόν,

122 2614 178 2682 καὶ
202 2619 280 2696 στὰς
302 2620 385 2684 κατὰ
407 2621 586 2705 πρόσωπον
612 2627 673 2685 τοῦ
700 2627 784 2684 ναοῦ
807 2619 925 2702 ηύχετο
949 2616 1007 2683 καὶ
1032 2619 1143 2686 ἐπεκα,

123 2729 212 2790 λεῑτο
244 2729 304 2793 τὸν
334 2729 417 2793 θεὸν
443 2738 626 2812 παρασχεῖν
653 2725 742 2812 αὐτῷ
770 2725 915 2808 δύναμιν
946 2723 1004 2788 καὶ
1038 2728 1143 2811 ίσχύν,

125 2831 208 2896 ὥστε
235 2836 488 2919 τιμωρήσασθαι
515 2836 594 2910 τοὺς
621 2831 951 2917 ἐπιστρατεύσαντας·
984 2829 1061 2915 <9>
1091 2830 1172 2897 καλό

124 2937 188 3021 γάρ
211 2945 309 3001 τοῦτο
334 2938 497 3019 δεηθήναι
519 2941 599 3014 τοὺς
620 2940 658 3003 τὸ
683 2938 774 3023 ἱερὸν
793 2938 1144 3022 κατασκευασαμένους

126 3041 241 3125 αὐτοῦ,
265 3040 354 3116 ὅπως
376 3042 602 3126 ὑπερμάχηται
622 3052 682 3127 τῆς
698 3046 825 3121 πόλεως
844 3043 970 3127 ἐκείνης
993 3043 1144 3122 καὶτοὺς
1166 3072 1167 3076 ’

126 3144 176 3211 ἐπ’
208 3145 288 3211 αὐτὸ
320 3147 548 3229 τολμήσαντας
580 3144 695 3213 ἐλθεῖν
723 3148 901 3234 ἀμύνηται,
934 3153 970 3214 οἳ
996 3151 1059 3233 τήν
1087 3149 1141 3217 ὑπ’

126 3251 229 3316 αὐτοῦ
244 3253 405 3317 δοθεῖσαν
423 3259 487 3334 γήν
506 3252 554 3327 είς
571 3252 768 3334 κατάσχεσιν
786 3253 973 3338 ἀφελέσθαι
990 3257 1144 3342 πάρεισιν

126 3355 255 3432 αὐτούς.
301 3354 393 3423 ταῦτ’
419 3356 597 3440 εὐχόμενος
624 3355 777 3440 ἐδάκρυε,
805 3356 860 3421 καὶ
889 3362 1023 3445 σύμπαν
1047 3360 1085 3428 δὲ
1108 3367 1175 3428 τὸῖο

197 3476 556 3540 ξόειθΡκτολΧΙΧθ.
