2400 3840
518 124 665 176 ΔΕΚΑΤΗ
1032 125 1096 190 351

73 281 256 367 ηγάπησαν
286 281 404 368 αὐτόν,
435 281 490 349 καλ
517 284 689 370 Βαάλιμον
715 287 775 351 τὸν
801 297 869 351 τῶν
894 283 1100 371 Ἀμμανιτῶν

75 386 220 474 βασιλέα
243 391 359 472 έλεγον
380 387 507 475 πέμψαι
527 388 702 476 Ἰσμαῆλον
728 392 973 458 ἀποκτενοῦντα
996 393 1100 459 αὐτὸν

76 498 170 583 δόλῳ
194 492 249 559 καλ
272 498 433 581 κρυφίως,
455 497 545 575 ὅπως
567 498 667 576 αὐτὸς
689 500 774 585 ἀρχη
792 509 860 564 τῶν
875 496 1098 585 Ἰσραηλιτῶν·

77 597 169 667 εἶναι
192 602 255 687 γάρ
279 601 383 667 αὐτὸν
406 601 441 668 ἐκ
464 612 524 669 τοῦ
547 605 667 687 γένους
689 614 749 670 τοῦ
770 609 953 689 βασιλικοῦ.
989 604 1099 686 <165>

54 728 59 766 ι
77 708 249 794 ῥύσεσθαί
269 731 307 790 γε
329 709 396 793 μὴν
419 712 534 792 έλεγον
557 711 660 777 αὐτὸν
681 719 741 795 τῆς
764 709 953 795 ἐπιβουλῆς,
976 709 1018 776 ἀν
1041 709 1100 774 αὐ-

75 821 152 890 τοῖς
182 812 245 900 ἐφη
275 826 401 880 κτεῖναι
428 818 488 882 τὸν
513 814 702 902 Ἰσμαῆλον,
732 818 777 894 ὡς
806 818 945 894 οὐδενὸς
974 832 1100 899 γνωσο-

76 920 198 1005 μένου·
223 919 368 987 δεδιέναι
391 924 454 1008 γάρ
478 925 624 1007 ἔφασκον
647 924 691 1009 μὴ
715 920 897 1009 φονευθεὶς
919 923 1020 1000 αὐτὸς
1039 919 1096 988 ὑπ’

77 1026 211 1092 ἐκείνου
229 1027 392 1110 παντελὴς
408 1028 553 1094 ἀπώλεια
572 1027 707 1112 γένηται
724 1041 793 1096 τῶν
810 1025 1100 1114 ὑπολελειμμένων

76 1141 139 1216 τῆς
161 1142 229 1197 τῶν
243 1130 455 1219 Ἰσραηλιτῶν
478 1135 600 1219 ἰσχύος.
645 1136 754 1220 <166>
777 1136 795 1202 δ
820 1134 850 1202 δ’
872 1136 1023 1203 άπιστεῖν
1041 1135 1100 1200 αὐ-

54 1250 151 1314 )τοῖς
179 1238 341 1323 ὡμολόγει
367 1237 438 1305 κατ’
468 1240 592 1327 ἀνδρὸς
619 1235 656 1307 εὖ
682 1246 892 1320 πεπονθότος
919 1243 1100 1328 ἐπιβουλὴν

77 1346 238 1428 τοιαύτην
262 1343 497 1430 ἐμφανίσασιν·
521 1348 563 1413 οὐ
586 1349 649 1434 γάρ
673 1350 761 1425 είκὸς
783 1344 881 1434 εἶναι,
903 1351 992 1432 παρά
1009 1352 1100 1431 τηλι-

76 1451 206 1534 καύτην
230 1449 369 1537 ἐρημίαν
393 1447 575 1540 ὧνέχρηζε
598 1455 642 1539 μὴ
666 1455 905 1540 διαμαρτόντα,
930 1453 1016 1519 οὕτω
1040 1475 1099 1518 πο-

76 1559 186 1644 νηρὸν
214 1560 261 1635 είς
288 1560 347 1624 τὸν
375 1559 634 1646 εὐεργετήσαντα
665 1559 721 1626 καὶ
748 1561 886 1627 ἀνόσιον
919 1560 1099 1646 εὑρεθῆναι

78 1661 180 1748 ὥσθ’,
197 1664 238 1730 δν
256 1658 299 1748 ἦν
317 1664 461 1751 ἀδίκημα
478 1668 515 1732 τὸ
535 1667 578 1751 μὴ
597 1663 654 1733 ὑπ’
671 1667 782 1733 ἀλλων
801 1654 1100 1751 ἐπιβουλευόμενον

54 1783 188 1837 ᾶσῶσαι
211 1772 424 1857 σπουδάζειν,
451 1773 555 1839 αὐτὸν
582 1772 759 1858 αὐτόχειρα
786 1775 894 1854 ζητεῖν
921 1772 1025 1836 αὐτοῦ
1048 1793 1100 1853 γε-

55 1875 212 1964 ,νέσθαι
257 1878 376 1962 <167>
405 1878 445 1944 οὐ
468 1879 534 1964 μὴν
561 1876 634 1945 ἀλλ’
661 1880 692 1943 εί
712 1875 804 1943 ταῦτ’
830 1876 953 1972 ἀληθῆ,
970 1877 1023 1941 δεῖ
1044 1876 1100 1939 δο-

74 1995 168 2067 κεῖν,
200 1984 338 2069 ἀμειυον
366 1986 510 2069 ἔφασκεν
537 1984 724 2051 ἀποθανεῖν
750 1984 853 2049 αὐτὸν
882 1979 939 2048 ὑπ’
970 1980 1099 2047 ἐκείνου

78 2094 207 2175 μᾶλλον
230 2088 251 2173 ἢ
274 2094 510 2176 καταφυγόντα
532 2093 616 2178 πρὸς
637 2091 741 2157 αὐτὸν
763 2091 946 2175 άνθρωπου
969 2085 1024 2153 καλ
1046 2109 1100 2152 πι-

78 2196 263 2261 στεύσαντα
290 2198 351 2281 τὴν
380 2198 472 2263 ίδίαν
502 2201 668 2284 σωτηρίαν
697 2196 753 2263 καὶ
782 2192 1100 2282 παρακαταθέμενον

54 2301 172 2390 εαύτςό
197 2303 403 2390 διαφθεῖραι.
532 2357 535 2364 .

146 2408 266 2491 <168>
292 2407 346 2474 καὶ
373 2409 394 2475 ’ὁ
422 2406 484 2495 μὲν
504 2409 659 2501 Ἰωάννης
685 2409 741 2477 καλ
768 2412 804 2476 οί
829 2413 892 2477 σὺν
919 2409 1009 2498 αὐτῷ
1031 2419 1136 2474 τῶν4
1163 2401 1165 2404 ⁴

75 2513 252 2597 ἡγεμόνων
279 2514 323 2599 μὴ
351 2514 556 2598 δυνηθέντες
583 2528 693 2581 πεῖσαι
720 2520 781 2583 τὸν
805 2518 971 2582 Γοδολίαυ
996 2515 1100 2598 ἀπῆλ-

75 2626 161 2702 θον,
190 2621 315 2706 χρόνου
343 2616 380 2686 δὲ
409 2602 604 2696 διελθόντος
630 2620 764 2706 ἡμερῶν
790 2620 968 2706 τριάκοντα
994 2641 1099 2705 παρα-

76 2728 206 2809 γίνεται
229 2727 312 2811 πρὸς
335 2728 502 2792 Γοδολίαυ
525 2728 573 2802 είς
590 2726 791 2810 Μασφαθάν
814 2727 913 2790 πόλιν
929 2722 1101 2809 Ἰσμαῆλος

54 2829 146 2915 ιμεί
181 2830 317 2917 ἀνδρῶν
346 2830 441 2917 δέκα,
471 2833 531 2910 οὓς
560 2838 694 2920 λαμπρᾷ
722 2828 864 2918 τραπέζη
892 2827 948 2895 καλ
979 2829 1101 2908 ξενίοις

74 2935 322 3021 ὑποδεξάμενος
339 2937 387 3015 είς
404 2937 514 3023 μέθην
527 2940 693 3025 προήχθη,
711 2937 1026 3023 φιλοφρονούμενος
1039 2937 1101 3001 τὸν

71 3047 249 3127 Ἰσμαηλον
271 3041 327 3108 καλ
350 3047 428 3122 τοὺς
451 3048 515 3111 σὺν
540 3045 637 3134 αὐτῷ.
683 3045 800 3130 <169>
829 3043 1036 3128 θεασάμενος
1066 3039 1096 3106 δ’

74 3148 182 3224 οὕτως
210 3148 312 3214 αὐτὸν
334 3147 458 3236 Ῐέχουτα
485 3149 540 3216 καλ
568 3148 831 3237 βεβαπτισμένον
860 3151 908 3226 είς
935 3148 1099 3230 ἀναισθη-

76 3257 155 3319 σίαν
178 3250 234 3318 καλ
257 3253 366 3320 ὕπνον
388 3255 453 3321 ὑπὸ
476 3265 535 3341 της
558 3255 674 3341 μέθης,
699 3257 716 3323 ὁ
737 3254 907 3340 Ἰσμαῆλος
930 3255 1097 3337 ἀναπηδη-

54 3377 136 3437 )σας
167 3360 248 3444 μετὰ
275 3371 342 3425 τῶν
370 3357 448 3425 δέκα
476 3365 587 3446 φίλων
614 3360 815 3446 ἀποσφάττει
845 3362 905 3427 τὸν
933 3361 1101 3426 Γοδολίαυ

148 3487 233 3547 §164
252 3480 396 3537 =Ierem.
411 3481 512 3536 XLVII
524 3489 563 3537 14.
604 3499 613 3533 ².
