2400 3840
128 145 194 212 308
500 146 773 198 εεΧιιοΛοΓιιΣ

127 309 208 392 νευή
227 309 446 393 κολυμβήθρα
464 307 586 384 ύδατος
599 304 789 391 κινουμένη.
825 307 919 372 οὕτω
940 307 1002 373 καὶ
1023 309 1041 375 ὁ
1062 310 1157 392 δῆμος

128 417 214 492 άπας
236 417 475 500 ταραττόμενος
497 410 552 478 καὶ
575 413 860 496 κλυδωνιζόμενος
879 415 1061 497 οἰχήσεται
1084 414 1155 498 φεύ-

128 547 209 606 γων,
232 525 398 604 λεγόντων
420 524 503 605 πρὸς
526 521 690 602 ἀλλήλους
713 519 821 603 “στήτε
843 517 902 584 καὶ
925 525 1086 604 μείνατε,
1108 516 1155 585 καὶ

128 631 254 715 χρυσὸν
282 629 396 705 αὑτοῖς
422 626 477 692 καὶ
504 628 654 712 ἄργυρον
681 624 870 710 ἁρπάσατε.’
917 627 1047 711 <240>
1072 630 1154 692 ἔσται

129 733 160 800 δ’
187 733 299 812 οὐδεὶς
319 736 578 820 βουλησόμενος·
602 734 718 811 σώζειν
736 734 799 818 γάρ
818 731 933 797 αὑτῶν
954 732 1171 816 ἐθελήσουσιι

128 844 187 919 τὰς
209 842 319 926 ψυχάς
341 845 468 925 μᾶλλον
490 838 511 922 ή
534 840 574 905 τά
592 841 752 924 κτήματα·
775 838 869 921 δεινή
889 840 956 924 γάρ
977 840 1106 918 αύτούς
1123 839 1153 904 ἐν

129 949 285 1031 ἀλλήλοις
308 949 377 1030 ἔρις
400 944 463 1023 ἔξει
486 943 542 1010 καὶ
565 952 703 1031 θρῆνος,
725 946 864 1030 πάρεσίς
886 967 923 1009 τε
943 957 1019 1011 τῶν
1039 953 1152 1032 μελῶν,

129 1056 167 1119 αἵ
191 1051 220 1118 τ’
250 1055 345 1130 ὄψεις
370 1051 436 1117 ὑπὸ
464 1061 524 1116 τοῦ
556 1055 667 1137 φόβον
699 1051 852 1137 μέλαιναι
884 1049 1011 1129 τελέως
1045 1054 1151 1128 αὐτοῖς
1195 1103 1197 1143 j

129 1160 335 1242 γενήσονται.
376 1158 486 1241 (241)
504 1167 570 1224 ποῦ
590 1155 627 1223 δὲ
646 1161 737 1223 ἔσται
755 1160 792 1223 τὸ
810 1160 1074 1244 κατοικητήριον
1092 1170 1151 1225 τῶν
1196 1147 1197 1152 ¹

129 1267 275 1331 λεόντων
302 1263 357 1330 καὶ
384 1263 405 1348 ή
429 1266 534 1349 μήτηρ
558 1264 727 1348 σκύμνωυ;
757 1261 845 1350 λέγει
873 1260 913 1327 δέ
939 1278 996 1328 σοι
1025 1265 1044 1330 ὁ
1067 1267 1150 1344 θεός,
1161 1282 1177 1321 1⁰

132 1374 275 1457 Νινευή,
306 1372 356 1438 ότι
387 1371 520 1456 ἀφανιῶ
550 1387 602 1455 σε,
633 1369 689 1435 καὶ
719 1369 830 1436 ούκέτι
859 1366 994 1446 λέοντες
1027 1369 1065 1436 ἐκ
1096 1379 1150 1436 σοῦ

129 1481 350 1563 πορευόμενοι
376 1477 565 1557 ἐπιτάξουσι
588 1487 634 1565 τῷ
656 1475 789 1565 κόσμω.’
836 1475 955 1558 <242>
983 1475 1045 1541 καὶ
1074 1479 1151 1543 άλλα

130 1580 168 1647 δὲ
185 1585 292 1649 πολλὰ
305 1587 389 1669 πρὸς
402 1586 533 1662 τούτοις
551 1586 804 1669 προυφήτευσεν
822 1577 920 1658 οὗτος
939 1581 957 1647 ὁ
976 1586 1151 1668 προφήτης

129 1688 205 1775 περὶ
232 1693 394 1774 Νινευής,
423 1692 505 1776 άπερ
533 1689 644 1774 λέγειν
671 1691 733 1756 οὐκ
760 1690 942 1772 ἀναγκαῖον
964 1688 1151 1775 ἡγησάμην,

130 1797 187 1861 ’ίνα
211 1793 248 1862 δέ
271 1797 315 1882 μή
339 1808 408 1874 τοϊς
432 1795 692 1882 ἐντυγχάνουσιν
719 1797 858 1882 ὀχληρὸς
882 1797 985 1877 δοκῶ,
1014 1797 1150 1882 παρέλι-
1162 1812 1180 1852 1⁵

129 1924 204 1968 πον.
250 1900 373 1988 συνέβη
397 1900 435 1969 δὲ
457 1905 565 1970 πάντα
588 1904 629 1969 τά
651 1900 874 1989 προειρημένα
900 1899 976 1986 περὶ
1000 1905 1153 1987 Νινευής

131 2005 200 2091 μετ’
227 2011 282 2092 ἐτη
307 2007 424 2076 ἑκατὸν
447 2009 502 2076 καὶ
525 2011 768 2077 πεντεκαίδεκα.

197 2114 272 2199 περὶ
295 2112 357 2198 μὲν
380 2111 443 2181 οὖν
461 2119 589 2182 τούτων
612 2117 831 2201 ἀποχρώντως
853 2115 933 2199 ήμῑν
951 2115 1152 2197 δεδήλωται·

80 2217 249 2300 12<243>
275 2219 293 2282 ὁ
322 2218 353 2283 δ’
381 2218 541 2304 Ἰώθαμος
568 2220 767 2304 μετήλλαξεν
795 2224 850 2303 ἐτη
878 2222 1002 2305 βιώσας
1028 2221 1070 2285 ἓν
1098 2220 1152 2287 καὶ

130 2322 384 2407 τετταράκοντα,
408 2327 605 2407 βασιλεύσας
629 2322 659 2389 δ’
686 2324 719 2402 ἐξ
743 2327 855 2392 αὐτῶν
878 2325 1065 2410 ἑκκαίδεκα,
1090 2328 1153 2392 θά·
1166 2345 1187 2384 ιθ

130 2450 243 2494 πτεται
272 2427 302 2492 δ’
329 2429 366 2494 ἐν
393 2442 465 2508 ταῖς
493 2435 679 2514 βασιλικαῖς
706 2433 837 2514 θήκαις.
884 2436 1012 2519 ἔρχεται
1040 2431 1073 2496 δ’
1105 2437 1153 2511 είς

130 2537 190 2601 τὸν
212 2537 289 2602 υίὸν
312 2537 416 2604 αὐτοῦ
432 2535 568 2624 Ἀχάζην
585 2537 606 2622 ή
625 2542 786 2623 βασιλεία,
810 2540 847 2616 ὃς
865 2537 1084 2622 ἀσεβέστατος
1104 2543 1152 2617 είς

131 2645 190 2709 τὸν
208 2646 292 2710 θεὸν
310 2650 488 2732 γενόμενος
506 2644 561 2712 καὶ
579 2648 657 2723 τοὺς
675 2649 835 2730 πατρίους
855 2646 1006 2729 παραβάς
1024 2648 1152 2729 νόμους

131 2754 209 2828 τοὺς
225 2750 436 2837 Ἰσραηλιτῶν
459 2751 613 2838 βασιλέας
632 2752 821 2837 ἐμιμήσατο,
844 2754 977 2835 βωμούς
1000 2750 1038 2816 ἐν
1052 2750 1152 2837 Ἱερο-

132 2859 290 2942 σολύμοις
309 2859 495 2942 ἀναστήσας
508 2856 563 2924 καὶ
581 2861 679 2925 θύων
698 2856 747 2924 ἐπ’
769 2858 881 2923 αὐτῶν
898 2870 968 2934 τοῖς
988 2859 1152 2940 εἰδώλοις,
1165 2873 1188 2913 2⁵

132 2954 183 3040 οἷς
210 2962 264 3028 καὶ
294 2966 382 3029 ίδιον
405 2965 620 3030 ὡλοκαύτωσε
646 2966 750 3030 παῖδα
776 2966 858 3030 κατά
885 2965 925 3028 τά
949 2967 1152 3029 Χαναναίων

133 3071 207 3153 ἔθη,
228 3067 283 3135 καὶ
302 3070 432 3146 τούτοις
450 3072 533 3134 άλλα
551 3073 763 3154 παραπλήσια
783 3071 1002 3157 διεπράττετο.
1039 3070 1151 3152 <244>

134 3176 267 3260 ἔχοντος
286 3172 315 3239 δ’
339 3175 425 3239 οὕτω
447 3172 503 3239 καὶ
522 3177 714 3259 μεμηνότος,
738 3177 954 3262 ἐστράτευσεν
973 3174 1023 3240 ἐπ’
1046 3175 1151 3242 αὐτὸν

132 3281 150 3344 ὁ
174 3293 242 3347 τῶν
265 3281 389 3366 Σύρων
415 3278 469 3345 καὶ
492 3285 725 3363 Δαμασκηνῶν
753 3286 908 3365 βασιλεὺς
928 3281 1067 3368 Ἀράσης
1094 3281 1150 3347 καὶ

205 3425 220 3484 ς
240 3426 292 3474 240
312 3446 345 3466 =
364 3418 484 3472 Nahum.
504 3418 530 3470 ΙΙ
548 3423 644 3474 8-13.
753 3423 839 3485 §243
859 3445 893 3467 ==
912 3427 930 3474 4
947 3420 1016 3490 Βες.
1036 3421 1101 3476 XVI
1120 3426 1149 3485 13

132 3513 148 3560 2
164 3507 256 3561 Paral.
272 3507 389 3562 XXVIII
405 3513 427 3562 1.

181 3742 216 3770 A
324 3764 331 3769 ..
