2400 3840
513 112 612 162 EKTH
1034 109 1073 172 13

53 281 214 355 πατριῶν.
262 273 303 336 σὺ
334 268 371 336 66
401 276 525 351 παίζεις
554 270 610 337 καὶ
633 269 760 354 γέλωτά
783 295 822 355 με
844 275 976 337 τίθεσαι
999 269 1074 357 περὶ

55 380 218 462 μειζόνων
231 376 252 460 ή
265 379 348 442 κατά
365 379 427 462 τὴν
442 379 524 463 ε’μήν
537 380 649 465 χώραν
664 377 917 462 διαλεγόμενοςῖ
955 379 1043 460 <52>
1057 378 1074 443 6

56 481 94 548 66
125 483 299 569 προφήτης
331 483 465 568 ἀγαγὼν
498 485 600 550 αὐτὸν
633 482 686 548 ε’πὶ
713 484 775 567 τὴν
804 482 950 549 ἑστίασιν
978 507 1075 548 κατα-

54 593 163 655 κλίνει
200 588 256 654 καὶ
292 593 351 656 τὸν
388 590 579 657 ἀκόλουθον
616 589 726 655 ἐπάνω
763 601 830 655 τῶν
866 589 1076 674 κεκλημένων

24 691 167 781 5(οὗτοι
191 694 221 760 6'
247 690 333 780 ἦσαν
357 695 582 782 ἑβδομήκοντα
604 699 665 763 τὸν
686 697 859 783 ἀριθμόν),
882 697 1076 783 προστάττει

57 799 96 866 66
120 813 190 880 τοῖς
214 805 382 882 διακόνοις
409 811 612 891 παραθεῖναι
641 814 686 892 τῷ
711 806 853 893 Σαούλῳ
877 805 997 890 μερίδα
1018 806 1076 887 βα-

55 910 199 992 σιλικήν.
245 909 315 975 ἐπεὶ
335 909 366 974 6⁷
390 910 412 994 ή
435 914 546 994 κοίτης
569 912 639 997 ὥρα
661 920 839 995 προσῆγεν,
863 915 899 976 οἳ
918 907 979 995 μέν
998 909 1077 974 ἀνα-

55 1016 195 1093 στάντες
217 1015 361 1083 ἀνέλυον
383 1019 466 1103 πρὸς
493 1018 615 1094 αὑτοὺς
643 1017 792 1101 ἕκαστος,
821 1018 838 1084 6
863 1014 900 1082 δὲ
923 1017 1077 1093 Σάουλος

55 1145 147 1208 παρα
170 1131 216 1210 τῷ
239 1124 393 1208 προφήτῃ
417 1127 480 1188 σὺν
502 1133 547 1211 τῷ
571 1123 754 1209 θεράποντι
776 1125 1009 1208 κατεκοιμήθη.

12 1247 40 1287 10
124 1229 213 1312 <53>
243 1231 308 1313 ἀμα
337 1228 370 1294 6²
400 1228 507 1317 ήμέρᾳ
535 1232 733 1314 Σαμούηλος
761 1229 947 1312 ἀναστήσας
974 1231 1111 1297 αὐτὸνν

59 1335 96 1400 ἐκ
118 1345 177 1420 τής
203 1340 316 1419 κοίτης
338 1338 547 1422 προύπεμψε,
575 1335 630 1402 καὶ
654 1340 832 1422 γενόμενος
855 1335 915 1415 ἔξω
938 1346 996 1421 τής
1019 1340 1077 1402 πό-

56 1449 141 1519 λεως
164 1440 314 1508 ἐκέλευσε
337 1445 397 1508 τὸν
420 1439 481 1527 μέν
503 1443 694 1529 θεράποντα
724 1453 859 1528 ποιήσαι
887 1449 1077 1529 προελθεῖν,

56 1551 301 1614 ὑπολείπεσθαι
335 1547 365 1612 6²
398 1549 513 1615 αὐτόν·
554 1552 641 1633 ἔχειν
671 1551 733 1636 γάρ
767 1551 855 1639 αὐτῷ
887 1574 919 1615 τι
952 1552 1078 1636 φράσαι

58 1657 217 1739 [μηδενὸς
246 1656 350 1720 ἀλλον
372 1658 560 1741 παρόντος].
606 1657 695 1739 <54>
717 1655 773 1721 καὶ
797 1657 815 1722 6
839 1653 900 1741 μὲν
923 1657 1079 1733 Σάουλος

17 1780 43 1819 15
57 1759 285 1845 ἀποπέμπεται
308 1764 368 1827 τὸν
391 1761 591 1846 ἀκόλουθον,
615 1765 727 1847 λαβὼν
751 1761 781 1827 6'
809 1763 826 1828 6
850 1764 1022 1848 προφήτης
1040 1765 1077 1827 τὸ

56 1870 156 1950 ἅγιον
181 1870 294 1933 έλαιον
315 1881 451 1953 καταχεῖ
471 1878 529 1953 τής
552 1877 612 1934 τοῦ
635 1871 813 1934 νεανίσκου
836 1873 995 1952 κεφαλῆς,
1023 1866 1078 1933 καὶ

55 1974 351 2058 κατασπασάμενος
383 1974 487 2040 “ῖσθι’
519 1977 605 2059 φησί
632 1975 800 2058 “βασιλεὺς
823 1975 888 2040 ὑπὸ
911 1983 971 2039 τοῦ
995 1981 1079 2040 θεοῦ

57 2080 370 2166 κεχειροτονημένος
398 2080 451 2146 ἐπὶ
480 2082 727 2158 Παλαιστινοάς
759 2104 794 2146 τε
824 2079 880 2146 καὶ
907 2081 968 2163 τήν
995 2078 1078 2167 ὑπὲρ

53 2185 220 2271 Ἑβραίων
243 2188 383 2271 ἀμυναν.
429 2189 558 2253 τούτων
586 2186 616 2252 6’
643 2191 733 2253 ἔσται
764 2205 817 2253 σοι
841 2200 978 2272 σημεῖον
1001 2190 1019 2254 6
1043 2205 1079 2254 σε

20 2311 44 2350 20
58 2295 223 2377 βούλομαι
245 2294 497 2379 προγινώσκειν.
537 2294 622 2378 <55>
643 2295 723 2360 ὅταν
742 2293 891 2380 ἀπέλθῃς
909 2294 1079 2377 ἐντεῦθεν,

57 2401 241 2481 καταλήψει
268 2411 357 2485 τρεῖς
384 2398 586 2485 ἀνθρώπους
618 2399 655 2465 έν
682 2410 722 2486 τῇ
756 2402 824 2489 ὁάςθ
851 2410 1079 2487 προσκυνῆσαι

58 2507 118 2570 τὸν
141 2508 226 2571 θεὸν
249 2504 495 2592 πορευομένους
518 2509 566 2584 είς
588 2506 735 2591 Βέθηλα,
759 2503 806 2573 ὧν
825 2510 884 2573 τὸν
908 2504 969 2592 μὲν
992 2519 1080 2589 πρῶ-

57 2635 119 2677 τον
150 2623 240 2698 τρεῖς
271 2614 394 2698 ἀρτους
425 2615 500 2691 ὄψει
533 2616 723 2697 κομίζοντα,
760 2615 820 2677 τὸν
854 2608 891 2676 δὲ
924 2614 1081 2698 δεύτερον

59 2722 196 2803 ἔριφον,
224 2719 242 2785 6
265 2722 376 2805 τρίτος
404 2717 435 2783 6⁷
460 2719 564 2784 ἀσκὸν
591 2725 687 2783 οίνου
711 2715 824 2801 φέρων
847 2717 1079 2800 ἀκολουθήσει.

19 2842 45 2882 ²5
59 2825 266 2890 ἀσπάσονται
290 2823 330 2890 δέ
351 2823 381 2890 σ’
408 2821 500 2891 οὗτοι
524 2823 579 2891 καὶ
600 2825 918 2910 φιλοφρονήσονται,
941 2822 997 2890 καὶ
1017 2827 1080 2890 ἀώ-

58 2935 160 2997 σουσί
186 2947 240 2996 σοι
268 2933 390 3017 ἀρτους
418 2932 492 2996 δύο·
524 2935 566 2997 σὺ
594 2929 632 2997 δὲ
660 2934 766 3015 λήψει.
813 2933 899 3017 <56>
923 2914 1080 2997 κάκεῖθεν

58 3037 148 3121 ήξεις
171 3039 220 3114 είς
242 3039 279 3103 τὸ
299 3035 454 3122 Ῥαχήλας
471 3040 679 3123 καλούμενον
702 3047 872 3123 μνημεῖον,
896 3040 981 3104 ὅπου
1000 3054 1081 3122 συμ-

59 3148 173 3228 βαλεῖς
206 3153 252 3232 τηῖι
284 3147 456 3211 σεσῶσθαί
485 3161 537 3209 σοι
567 3145 625 3223 τάς
655 3148 755 3222 ὅνους
786 3142 1081 3232 εὐαγγελιουμένῳ.

59 3249 160 3317 ἔπειτ’
198 3250 329 3316 ἐκεῖθεν
361 3249 472 3316 ἐλθὼν
500 3254 547 3329 είς
578 3253 719 3335 Γαβαθά
750 3251 936 3336 προφήταις
969 3248 1081 3331 ἐκκλη-

19 3373 45 3414 ³⁰
59 3358 234 3437 στάζουσιν
257 3356 432 3441 ἐπιτεύξει,
460 3356 515 3423 καὶ
543 3361 721 3442 γενόμενος
750 3359 872 3433 ένθους
895 3359 1081 3442 προφητεύ-

134 3478 490 3546 §52=1Reg.1x22.
