2400 3840
131 125 173 189 62
494 124 769 176 ΑΡΧΑΙοΛοΓτΑΣ

129 285 184 352 καὶ
213 287 499 371 συμβουλεύοντος
527 295 586 351 τοῦ
615 285 771 350 Σαούλου
804 283 979 366 ἀποτεμεῖν
1007 284 1069 365 τὴν
1096 307 1148 347 κε-

130 394 242 477 φαλήν
255 391 310 458 καὶ
329 403 387 475 τής
404 398 528 474 πολλής
547 394 627 474 άλης
645 392 747 456 αὑτὸν
763 390 944 468 ἀπαλλάξαι
963 387 1017 452 καὶ
1036 388 1148 453 ταλαι-

129 503 266 584 πωρίας,
289 498 432 574 ἀναστάς
456 497 593 581 ἀφαιρεῖ
610 493 671 579 μὲν
689 497 750 578 τήν
769 495 916 580 πτέρυγα
935 505 994 559 τοῦ
1015 497 1147 578 ἱματίου

131 610 236 689 μόνον
268 600 309 670 οὗ
337 605 490 680 Σάουλος
523 603 713 687 ἠμπείχετο,
745 604 948 687 μετανοήσας
982 599 1012 664 δ’
1043 602 1148 678 εὐθὺς

131 712 172 776 ού
200 714 330 777 δίκαιον
358 706 427 775 εἶπε
459 711 618 794 φονεύειν
649 712 709 775 τὸν
741 709 844 773 αὑτοῦ
877 710 1040 789 δεσπότην
1069 706 1177 772 οὐδδε

130 822 190 883 τὸν
216 818 281 883 ὑπὸ
309 826 369 881 τοῦ
397 823 482 881 θεοῦ
505 819 673 899 βασιλείας
701 813 897 892 ἀξιωθέντα·
938 812 1007 878 ’καὶ
1031 816 1094 897 γάρ
1120 817 1150 878 εί

130 926 276 1008 πονηρὸς
306 917 404 999 οὗτος
435 924 482 999 είς
509 921 609 1006 ἡμᾶς,
641 918 712 986 ἀλλ’
744 920 804 986 οὐκ
833 917 888 1004 ἐμὲ
916 921 968 984 δεῖ
993 930 1149 985 τοιοῦτον

62 1048 64 1052 “
131 1025 216 1094 εἶναι
244 1032 328 1115 πρὸς
355 1028 479 1094 αὐτόν’
527 1030 633 1110 <285>
661 1037 721 1093 τοῦ
750 1024 787 1091 δέ
816 1029 973 1092 Σαούλου
1000 1030 1038 1093 τὸ
1067 1030 1148 1109 σπή-

131 1140 226 1199 λαιον
242 1134 433 1211 ἐκλιπόντος
451 1135 629 1220 προελθὼν
643 1134 660 1199 ὁ
675 1135 827 1216 Δαυίδης
846 1132 990 1216 ἔκραξεν,
1009 1133 1149 1197 ἀκοῦσαι

131 1242 191 1305 τὸν
213 1240 370 1306 Σάουλον
393 1239 504 1319 ἀξιῶν.
551 1239 808 1325 ἐπιστραφέντος
833 1236 870 1303 δδ
893 1249 953 1304 τοῦ
977 1239 1148 1322 βασιλέως,
1164 1263 1190 1300 10

131 1357 314 1431 προσκυνεῖ
334 1343 363 1411 τ’
385 1346 489 1412 αὐτὸν
506 1347 617 1412 πεσὼν
637 1344 688 1410 ἐπὶ
708 1349 897 1430 πρόσωπον,
921 1346 965 1422 ὡς
984 1348 1074 1426 ἔθος,
1094 1350 1152 1409 καί

132 1470 236 1536 φησιν
260 1452 313 1518 “ού
335 1465 504 1538 πονηροῖς,
527 1449 552 1518 ὦ
573 1456 720 1536 βασιλεῦ,
743 1449 797 1516 καὶ
816 1453 951 1529 ψευδεῖς
969 1452 1149 1515 πλάττουσι

133 1559 291 1643 διαβολὰς
313 1558 498 1645 παρέχοντα
526 1560 580 1624 δεῖ
606 1576 642 1624 σε
669 1561 727 1635 τὰς
750 1559 849 1636 ἀκοάς
873 1561 1064 1643 χαρίζεσθαι
1089 1555 1150 1640 μέν

133 1663 271 1743 ἐκείνοις
298 1667 336 1731 τὸ
368 1666 537 1730 πιστεύειν
564 1664 691 1748 αὐτοῖς,
724 1668 801 1742 τοὺς
829 1661 866 1728 δέ
894 1663 1074 1746 φιλτάτους
1103 1661 1147 1726 δι’

133 1771 293 1848 ὑπονοίας
317 1773 413 1856 ἐχειν,
437 1771 520 1836 ἀλλὰ
542 1782 613 1848 τοῖς
632 1773 741 1856 ἔργοις
760 1783 896 1835 σκοπεῖν
914 1770 975 1851 τήν
994 1769 1150 1833 ἁπάντων
1165 1791 1190 1830 15

134 1878 297 1944 διάθεσιν.
348 1879 457 1962 <286>
486 1878 623 1962 διαβολὴ
652 1875 713 1962 μὲν
740 1879 803 1962 γὰρ
834 1877 955 1962 ἀπατᾷ,
984 1876 1093 1958 σαφής
1118 1874 1147 1938 δ’

133 1983 300 2062 ἀπόδειξις
327 1984 459 2061 εὐνοίας
486 1985 526 2049 τά
552 1986 771 2068 πραττόμενα·
804 1980 858 2046 καὶ
886 1985 984 2063 λόγος
1012 1978 1072 2064 μέν
1098 1981 1147 2045 ἐπ’

134 2089 304 2174 ἀμφότερα
326 2089 475 2173 πέφυκεν
498 2091 625 2172 ἀληθής
648 2114 683 2155 τε
705 2088 760 2154 καὶ
783 2091 923 2171 ψευδής,
949 2090 988 2152 τά
1012 2086 1042 2152 δ’
1070 2091 1150 2172 ἔργα

135 2195 266 2277 γυμνήν
292 2193 349 2260 ὑπ’
380 2198 454 2272 όύει
487 2197 547 2278 τήν
580 2197 733 2260 διάνοιαν
764 2200 887 2278 τίθησι.
939 2196 1048 2278 <287>
1077 2200 1150 2257 ίσθι

134 2303 250 2364 τοίνυν
274 2298 309 2364 ἐκ
327 2302 467 2365 τούτων·
490 2308 598 2378 καλῶς
618 2304 704 2385 ἐχειν
723 2325 763 2386 με
781 2303 863 2385 πρὸς
882 2298 918 2365 σὲ
937 2298 991 2365 καὶ
1011 2303 1070 2365 τὸν
1089 2303 1151 2365 σὸν
1165 2321 1191 2360 εο

135 2401 228 2470 οἷκον
252 2403 323 2490 ἐμοὶ
343 2402 518 2472 Ὶπιστεῦσαι
542 2408 603 2489 δεῖ,
625 2406 680 2477 καὶ
704 2408 748 2490 μή
771 2419 841 2484 τοῖς
863 2415 1106 2492 κατηγοροῦσιν
1130 2406 1151 2469 ἀ

135 2508 208 2596 μήτ’
235 2514 282 2589 είς
304 2521 388 2578 νοῦν
412 2512 576 2597 ἐβαλόμην
599 2514 680 2598 μήτε
703 2514 842 2579 δύναται
868 2512 1026 2596 γενέσθαι
1049 2529 1151 2595 προσ-

135 2617 281 2702 θέμενον
313 2619 446 2685 διώκειν
478 2619 539 2703 τήν
573 2618 655 2706 ἐμήν
685 2622 811 2705 ψυχήν,
842 2617 897 2684 καὶ
930 2615 1033 2703 μηδὲν
1066 2616 1148 2700 μήθ’

136 2723 259 2809 ἡμέρας
285 2727 365 2810 μήτε
392 2729 511 2804 νυκτὸς
539 2731 627 2812 ἔχειν
655 2729 710 2793 διά
738 2728 918 2812 φροντίδος
941 2725 960 2808 ή
984 2726 1044 2806 τήν
1069 2723 1151 2807 ἐμήν

137 2831 323 2915 ἀναίρεσιν,
355 2833 398 2915 ήν
426 2833 547 2910 ἀδίκως
580 2834 804 2917 μεταπορεύει.
855 2833 964 2915 <288>
990 2842 1060 2907 πῶς
1088 2832 1150 2914 γάρ
1168 2850 1193 2889 25

137 2934 210 3020 οὐχὶ
237 2938 344 3019 ύευδή
374 2937 450 3023 περὶ
479 2936 558 3022 ἐμοῦ
592 2938 692 3016 δόξαν
723 2944 861 3019 είληφας
889 2937 933 3014 ὡς
961 2937 1155 3001 ἀποκτεῖναί

137 3059 173 3108 σε
195 3042 369 3119 θέλοντος;
393 3041 412 3123 ή
435 3054 505 3119 πῶς
523 3042 584 3106 οὐκ
603 3043 731 3127 ἀσεβεῖς
750 3045 797 3120 εἰς
820 3045 990 3125 τὸνθεόν,
1019 3044 1152 3126 ἀνθρω-

137 3172 201 3215 πον
225 3151 368 3233 σήμερον
391 3149 480 3235 αὑτῷ
500 3158 683 3232 τιμωρῆσαι
703 3151 890 3234 δυνάμενον
908 3148 963 3214 καὶ
982 3150 1070 3232 παρά
1089 3159 1153 3213 σοῦ

138 3260 253 3339 λαβεῖν
272 3256 378 3337 δίκην,
401 3252 518 3338 καὶμὴ
537 3256 736 3338 θελήσαντα,
759 3253 841 3341 μηδὲ
860 3266 905 3343 τῷ
923 3265 1026 3343 καιρῷ
1045 3256 1151 3342 τούτῳ

138 3362 345 3444 χρησάμενον
373 3361 426 3443 ὅν,
455 3366 488 3425 εί
512 3379 564 3425 σοι
591 3358 662 3424 κατ’
689 3361 769 3445 ἐμοῦ
792 3359 998 3445 περιέπεσεν,
1025 3360 1086 3425 οὐκ
1110 3360 1195 3425 ἀνευ

210 3480 604 3550 §284=1Reg.XX1V5
