2400 3840
513 155 636 204 ENATH
1017 154 1081 218 317

61 310 187 388 αὐτοὺς
199 310 309 376 πάλιν.
343 308 396 376 ἐπὶ
415 312 536 377 τούτου
554 311 685 398 πέμψας
703 313 721 379 δ
740 324 808 379 τῶν
823 311 1006 400 Ἀσσυρίων
1025 320 1083 399 βα-

60 419 176 493 σιλεὺς
194 416 320 502 ἐπῆλθε
336 421 500 502 Φοινίκην
518 426 673 504 πολεμῶν
691 421 832 504 ἅπασαν,
846 420 937 498 ὅστις
950 422 1083 486 σπεισά-

60 547 163 609 μενος
186 525 323 608 εἰρήνην
341 527 422 608 μετὰ
439 525 575 591 πάντων
593 525 802 612 ἀνεχώρησεν
820 527 936 592 ὀπίσω.
972 528 1081 611 (285)

59 629 185 713 ἀπέστη
204 653 240 694 τε
263 633 395 715 Τυρίων
413 632 529 697 Σιδών
546 629 604 696 καὶ
617 630 720 718 ’Ἀρκη
738 630 793 698 καὶ
811 632 831 716 ἡ
850 633 953 699 πάλαι
975 635 1083 720 Τύρος

25 735 118 803 εκαὶ
140 733 263 801 πολλαὶ
284 737 382 803 ἀλλαι
404 740 528 821 πόλεις,
551 741 589 803 αδ
609 748 654 826 τῷ
677 749 745 804 τῶν
760 737 943 826 Ἀσσυρίων
964 737 1083 817 ἑαυτάς

60 848 195 928 βασιλεῖ
215 841 414 928 παρέδοσαν.
448 845 509 922 διὸ
532 848 664 930 Τυρίων
687 845 748 930 οὐχ
765 842 999 929 ὑποταγέντων
1021 847 1082 913 πά-

60 955 118 1015 λιν
141 949 159 1015 δ
183 952 339 1034 βασιλεὺς
362 947 412 1015 ἐπ’
438 949 561 1028 αὑτοὺς
583 949 783 1037 ὑπέστρεψε,
809 957 978 1019 Φοινίκων
1001 970 1082 1037 συμ-

60 1056 310 1140 πληρωσάντων
328 1056 417 1144 αὐτῷ
431 1066 515 1135 ναῦς
533 1055 690 1140 ἑξήκοντα
707 1056 763 1123 καὶ
782 1058 969 1139 ἐπικώπους
987 1061 1083 1126 ὀκτα-

60 1164 210 1239 κοσίους·
242 1163 366 1247 <286>
395 1154 449 1241 αἷς
481 1163 735 1243 ἐπιπλεύσαντες
767 1167 803 1231 οί
834 1168 950 1253 Τύριοι
981 1163 1082 1232 ναυσὶ

14 1293 45 1334 ιο
61 1268 202 1351 δώδεκα,
224 1279 293 1335 τῶν
315 1281 402 1335 νεῶν
424 1281 493 1335 τῶν
510 1270 701 1337 ἀντιπάλων
722 1273 979 1357 διασπαρεισῶν,
1002 1279 1082 1356 λαμ

62 1374 227 1458 βαίνουσιν
254 1376 482 1460 αἰχμαλώτους
506 1378 632 1463 ἀνδρας
659 1379 707 1456 είς
733 1381 981 1454 πεντακοσίους.
1027 1377 1081 1442 ε’π-

62 1481 167 1562 ετάθη
191 1481 233 1564 δὴ
255 1481 391 1547 πάντων
414 1481 451 1548 ἐν
473 1485 570 1572 Τύρῳ
592 1483 613 1568 ἡ
636 1484 713 1570 τιμὴ
737 1485 793 1549 διὰ
816 1493 928 1549 ταῦτα.
972 1485 1083 1567 <287>

62 1585 242 1664 ἀναζεύξας
265 1585 296 1651 δ’
318 1587 336 1654 ὁ
359 1599 427 1654 τῶν
442 1586 626 1676 Ἀσσυρίων
648 1593 804 1675 βασιλεὺς
824 1588 1000 1675 κατέστησε
1018 1591 1082 1674 φύ-

61 1697 166 1770 λακας
189 1689 243 1758 ἐπὶ
265 1703 326 1759 τοῦ
347 1705 497 1780 ποταμοῦ
519 1693 576 1760 καὶ
598 1708 667 1762 τῶν
684 1696 932 1783 ὑδραγωγείων,
955 1701 992 1762 οἳ
1012 1698 1083 1762 δια-

18 1822 45 1864 15
61 1800 253 1864 κωλύσουσι
284 1804 428 1886 Τυρίους
455 1801 632 1886 ἀρύεσθαι·
662 1800 718 1866 καὶ
744 1810 853 1882 τοῦτο1
872 1805 958 1868 ἔτεσι
984 1799 1083 1867 πέντε

61 1907 246 1989 γενόμενον
269 1904 490 1993 ἐκαρτέρησαν
507 1910 661 1985 πίνοντες
680 1906 716 1972 ἐκ
735 1907 890 1994 φρεάτων
911 1907 1082 1991 ὀρυκτῶν.’

129 2009 185 2075 καὶ
212 2013 252 2077 τά
279 2010 341 2098 μὲν
368 2013 405 2080 ἐν
432 2026 503 2092 τοίς
533 2017 666 2100 Τυρίων
695 2013 842 2101 ἀρχείοις
873 2011 1083 2100 γεγραμμένα

62 2118 146 2181 κατὰ
178 2120 447 2206 Σαλμανασάρου
483 2129 544 2186 τοῦ
573 2117 757 2207 Ἀσσυρίων
792 2118 952 2205 βασιλέως
989 2116 1079 2184 ταῦτ’

64 2222 168 2288 ἐστίν·
197 2225 308 2307 <288>
331 2225 367 2288 οί
388 2220 425 2290 δέ
448 2223 713 2309 μετοικισθέντες
735 2227 783 2302 είς
804 2225 866 2308 την
888 2225 1084 2312 Σαμάρειαν
1102 2240 1117 2288 3

19 2352 49 2392 20
65 2333 234 2395 Χουθαῖοι
256 2327 374 2416 (ταύτη
401 2333 464 2417 γάρ
493 2329 638 2418 ἐχρῶντο
666 2330 762 2419 μέχρι
789 2333 890 2418 δεῦρο
917 2341 957 2419 τῇ
981 2347 1084 2419 προσ-

62 2438 184 2522 ηγορίᾳ
207 2437 263 2501 διδι
285 2437 323 2502 τὸ
352 2435 387 2501 ἐκ
409 2447 468 2522 τῆς
491 2443 630 2515 Χουθίας
650 2437 857 2523 καλουμένης
878 2440 987 2524 χώρας
1008 2461 1084 2522 μετ-

63 2547 227 2625 αχθῆναι,
254 2543 337 2626 αὕτη
366 2541 396 2608 δ’
424 2539 514 2608 ἐστὶν
541 2543 579 2608 ἐν
604 2551 645 2627 τῇ
671 2545 829 2629 Περσίδι,
855 2540 911 2607 καί
938 2544 1084 2628 ποταμὸς

63 2645 154 2712 τοῦτ’
178 2651 263 2732 έχων
286 2649 422 2734 ὄνομα),
445 2646 576 2713 ἕκαστοι
598 2646 669 2713 κατ’
691 2650 792 2724 ἔθνος
820 2649 909 2713 ίδιον
931 2649 1015 2712 θεὸν
1036 2650 1084 2724 εἰς

63 2752 126 2835 τὴν
149 2754 343 2840 Σαμάρειαν
369 2758 566 2839 κομίσαντες
592 2751 705 2840 (πέντε
728 2751 758 2819 δ’
784 2747 899 2839 ἦσαν),
925 2750 981 2817 καὶ
1008 2753 1083 2818 τού-

20 2879 49 2920 25
63 2882 144 2935 τους
165 2860 280 2938 καθώς
301 2855 344 2943 ἦν
362 2861 503 2946 πάτριον
521 2857 635 2937 αὐτοῖς
652 2862 837 2944 σεβόμενοι,
858 2857 1084 2944 παροξύνουσι

63 2967 124 3030 τὸν
147 2964 303 3050 μέγιστον
320 2968 405 3032 θεὸν
424 2969 471 3044 είς
490 2967 595 3053 ὀργὴν
612 2965 667 3032 καί
685 2969 796 3051 χόλον.
833 2965 943 3049 <289>
965 2965 1085 3049 λοιμὸν

63 3072 128 3157 γάρ
152 3073 266 3151 αὐτοῖς
289 3071 485 3157 ἐνέσκηψεν,
512 3071 571 3158 ὑφ’
598 3068 638 3140 οὗ
661 3076 881 3159 φθειρόμενοι
909 3069 964 3137 καί
987 3072 1085 3156 μηδε-

64 3180 146 3261 μίαν
168 3189 236 3244 τῶν
258 3190 370 3245 κακῶν
391 3183 576 3266 θεραπείαν
600 3179 822 3264 ἐπινοοῦντες,
845 3186 980 3266 χρησμῷ
1000 3183 1084 3263 θρη-

65 3284 197 3349 σκεύειν
220 3287 280 3351 τὸν
302 3283 458 3370 μέγιστον
480 3287 574 3369 θεόν,
597 3286 643 3362 ώς
664 3294 762 3350 τοῦτο
786 3286 951 3370 σωτήριον
970 3283 1085 3359 αὐτοῖς

21 3409 50 3449 ao
65 3391 117 3473 ὅν,
131 3391 269 3474 ἔμαθον.
305 3388 492 3475 πέμψαντες
507 3384 569 3455 οὑν
582 3391 666 3476 πρὸς
678 3391 738 3456 τὸν
749 3387 933 3476 Ἀσσυρίων
947 3386 1085 3474 βασιλέα

138 3515 221 3577 ςωε
241 3537 280 3561 =
295 3510 394 3581 ιιιες.
409 3511 486 3565 xvu
501 3515 544 3566 ιι.
