2400 3840
509 136 633 187 ENATH
1012 136 1077 201 269

125 295 221 378 <47>
248 300 504 379 προσελθοῦσαν
531 296 594 380 χάρ
623 295 712 383 αὐτῷ
735 294 817 378 φασὶ
845 297 907 379 τήν
926 294 1113 380 Ὡβεδίουκ

59 411 120 465 τοῦ
140 398 281 484 Ἀχάβου
304 403 483 485 οἰκονόμου
507 413 649 484 γυναῖκα
676 405 783 467 είπεῖν
809 403 854 479 ὡς
881 402 942 467 οὐκ
965 401 1082 484 ἀγνοεῖ

60 519 130 583 πῶς
152 507 236 592 ἀνήρ
261 509 364 591 αὐτῆς
390 510 468 584 τοὺς
490 509 664 593 προφήτας
689 507 905 593 περιέσωσεν,
933 509 998 573 ὑπὸ
1022 518 1081 592 τῆς

58 610 200 697 Ἀχάβου
213 615 372 696 γυναικὸς
386 611 566 698 Ἰεζαβέλης
582 612 858 699 ἀναιρουμένους·
880 611 998 678 ἑκατὸν
1016 615 1080 698 χάρ

32 738 45 778 5
61 721 175 801 ἔλεγεν
193 717 249 785 ὑπ’
267 720 371 785 αὐτοῦ
386 718 628 804 δανεισαμένου
641 729 810 805 τραφῆναι
823 718 1080 805 κεκρυμμένους,

58 824 116 890 καὶ
139 827 220 910 μετά
243 827 305 909 τήν
326 826 470 911 τάνδρὸς
491 827 649 908 τελευτήν
671 827 813 909 ἀγεσθαι
836 835 900 892 νῦν
925 827 991 892 ὑπὸ
1013 837 1081 892 τῶν

60 934 246 997 δανειστῶν
269 932 352 1014 αὐτή
376 955 411 996 τε
432 929 489 996 καὶ
511 933 552 997 τά
574 930 674 997 τέκνα
692 934 776 1018 πρὸς
794 933 959 998 δουλείαν.
997 955 1081 1017 παρ-

60 1038 171 1103 εκάλει
194 1062 229 1102 τε
253 1039 309 1102 διά
331 1039 456 1120 ταύτην
478 1038 540 1120 τήν
563 1038 756 1123 εὐεργεσίαν
782 1039 925 1124 τάνδρὸς
949 1038 1084 1122 ἐλεῆσαί

60 1168 97 1208 τε
119 1142 174 1208 καὶ
198 1156 381 1229 παρασχεῖν
403 1145 479 1210 τινδι
502 1145 674 1228 βοήθειαν.
720 1146 814 1228 (48)
841 1144 1022 1234 πυθομένῳ
1052 1122 1081 1209 δ’

17 1269 46 1308 1⁰
61 1252 151 1337 αὐτῷ
171 1255 206 1315 τί
218 1253 287 1335 ἔχοι
305 1248 359 1316 ἐπὶ
377 1259 437 1334 τῆς
454 1254 571 1335 οἰκίας,
588 1252 669 1317 ἀλλο
684 1248 745 1335 μὲν
760 1246 860 1316 οὐδὲν
874 1253 949 1335 ἔφη,
968 1253 1081 1317 έλαιον

63 1353 101 1421 δὲ
119 1361 226 1441 βραχὺ
244 1361 322 1423 λιάν
335 1356 372 1423 ἐν
389 1361 544 1446 κεραμίῳ.
581 1357 600 1423 ὁ
619 1354 657 1421 δὲ
675 1359 848 1443 προφήτης
866 1357 1081 1422 ἀπελθοῦσαν
1110 1381 1113 1387 ·

62 1461 235 1528 ἐκέλευσεν
257 1462 374 1546 ἀγγεῖα
392 1465 582 1548 χρήσασθαι
603 1465 710 1529 πολλὰ
727 1465 817 1549 παρά
834 1475 903 1529 τῶν
921 1466 1082 1545 γειτόνων

59 1569 152 1653 κενά,
174 1568 231 1634 καὶ
253 1571 311 1647 τὰς
328 1571 439 1654 θύρας
458 1570 702 1635 ἀποκλείσασαν
719 1579 780 1635 τοῦ
798 1571 968 1654 δωματίου
986 1593 1082 1655 μετα-

60 1687 133 1759 χεῖν
160 1677 209 1753 είς
237 1677 365 1740 ἅπαντα
392 1676 563 1741 τοῦλαιον·
596 1677 657 1742 τὸν
687 1677 750 1761 γὰρ
778 1677 863 1741 θεὸν
893 1676 1082 1761 πληρώσειν

18 1798 46 1839 15
60 1791 174 1847 ταῦτα.
211 1782 299 1865 <49>
313 1790 372 1864 τῆς
386 1778 424 1846 δὲ
438 1783 597 1864 γυναικὸς
610 1783 650 1847 τά
664 1780 886 1847 κελευσθέντα
899 1782 1082 1864 ποιησάσης
1135 1846 1144 1868 .

60 1885 203 1965 καὶτοῖς
220 1886 349 1965 τέκνοις
366 1886 570 1974 προσφέρειν
588 1887 727 1953 ἕκαστον
740 1897 808 1954 τῶν
822 1887 965 1969 ἀγγείων
980 1905 1081 1973 προσ-

60 1995 253 2078 ταττούσης,
281 1991 351 2059 ε’πεὶ
373 1994 481 2059 πάυτα
505 1977 682 2079 ἐπληρώθη
704 1991 761 2059 καὶ
784 1984 884 2059 οὐδὲν
906 1988 951 2076 ἦν
971 1995 1082 2077 κενόν,

62 2098 210 2166 ἐλθοῦσα
232 2103 316 2185 πρὸς
333 2102 395 2165 τὸν
411 2102 588 2186 προφήτην
605 2097 695 2166 τοῦτ’
712 2099 919 2183 ἀπήγγειλεν.
956 2098 1082 2182 <5Ο>δ

62 2202 102 2270 δὲ
130 2208 351 2291 συμβουλεύει
377 2207 536 2273 τοῦλαιον
565 2206 781 2272 ἀπελθοῦσαν
808 2206 999 2272 ἀποδόσθαι
1026 2203 1083 2271 καί

18 2330 48 2370 20
62 2323 134 2388 τοῖς
157 2312 345 2391 δανεισταῖς
368 2313 554 2379 ἀποδοῦναι
576 2314 616 2379 τά
640 2314 852 2399 ὀφειλόμενα·
880 2314 1083 2396 γενήσεσθαι

62 2417 103 2482 δέ
123 2441 155 2482 τι
177 2418 232 2483 καὶ
250 2420 406 2504 περιττὸν
423 2418 459 2484 έκ
477 2428 536 2504 τῆς
552 2428 650 2504 τιμῆς
668 2420 838 2503 τούλαίου,
862 2414 888 2506 ᾧ
908 2422 992 2505 πρὸς
1011 2421 1083 2484 δια-

61 2524 193 2609 τροφήν
214 2525 277 2607 τήν
298 2536 366 2590 τῶν
389 2523 515 2589 τέκνων
536 2527 782 2610 καταχρήσεται.
827 2523 882 2591 καὶ
898 2524 1084 2602 Ἐλισσαῖος

62 2625 125 2714 μὲν
149 2630 254 2707 οὕτως
277 2628 441 2713 ἀπήλλαξε
463 2641 532 2696 τῶν
554 2641 663 2715 χρεῶν
684 2630 746 2712 τήν
768 2642 921 2712 γυναῖκα,
945 2627 1084 2712 καὶτῆς

63 2736 128 2802 ἀπὸ
151 2747 220 2801 τῶν
242 2737 425 2801 δανειστῶν
448 2735 577 2820 ὕβρεως
598 2734 841 2820 ήλευθέρωσεν.

19 2858 48 2900 25
132 2891 184 2907 ...
204 2842 291 2925 <51>
306 2840 491 2918 Ἐλισσαῖος
513 2838 552 2906 δὲ
569 2839 693 2925 ταχέως
712 2843 796 2926 πρὸς
811 2838 970 2924 Ἰώραμον
986 2838 1082 2917 έξαπ-
1101 2854 1117 2903 3

63 2946 203 3031 έστειλε,
231 2947 460 3032 φυλάττεσθαι
481 2948 543 3012 τὸν
566 2950 670 3013 τόπον
692 2946 821 3013 ἐκεῖνον
849 2946 938 3035 αὐτῷ
964 2969 1084 3031 παραι-

63 3065 147 3120 νῶν·
176 3048 263 3120 εἶναι
290 3055 352 3138 χάρ
382 3052 419 3118 έν
443 3053 532 3142 αὐτῷ
555 3055 693 3140 Σύρους
718 3055 812 3131 τινάς
837 3056 917 3129 τοὺς
940 3051 1008 3117 ἐκεῖ
1029 3058 1085 3119 λο-

63 3171 193 3244 χῶντας
215 3162 318 3226 αὐτὸν
341 3160 481 3226 ἀνελεῖν.
523 3158 579 3226 καὶ
602 3161 621 3227 ὁ
644 3157 706 3246 μὲν
727 3162 883 3246 βασιλεὺς
901 3157 996 3224 οὐκέτ
1023 3153 1084 3224 ’ἐπὶ

63 3266 126 3348 τήν
140 3267 253 3352 θήραν
267 3266 431 3352 ἐξώρμησε
445 3277 490 3355 τῷ
499 3268 654 3353 προφήτῃ
666 3269 877 3351 πειθόμενος,
890 3265 1084 3351 <52>”Αδα-

23 3389 52 3429 30
66 3372 126 3449 δος
149 3368 187 3436 δὲ
209 3381 268 3456 της
290 3371 468 3457 ἐπιβουλῆς
486 3373 688 3466 διαμαρτών,
711 3372 756 3448 ώς
778 3383 846 3437 τῶν
864 3373 962 3437 ίδίών
981 3373 1084 3439 αὐτοῦ

139 3498 203 3558 §47
224 3520 258 3539 =
276 3494 375 3563 4Reg.
390 3495 430 3548 IV
445 3502 468 3548 1.
542 3493 884 3564 §51=4R2gffi.
