2400 3840
127 126 172 191 56
498 129 770 182 ΑΡΧΑῙΟΛΟΓΙΑΣ

128 287 231 353 αὐτοῦ
254 289 315 371 τήν
338 291 457 372 γενεάν
480 290 634 367 Σάουλος
658 290 702 356 “τί
722 291 853 356 παθών
878 287 968 356 εἷπεν
993 290 1038 369 “ἐξ
1063 290 1145 376 ἐμοῦ

128 395 241 459 ἀεινὸν
268 393 324 459 καὶ
347 396 445 481 ἀχαρι
472 397 532 460 τὸν
552 394 711 461 Ἰεσσαίου
734 397 837 462 παῖδα
859 394 1060 480 προσεδέξω,
1089 395 1145 460 καὶ

128 505 244 567 σιτίων
267 499 328 586 μὲν
351 501 440 590 αύτῷ
463 501 647 587 μετέδωκας
669 501 724 567 καὶ
743 504 865 585 ὅπλων,
889 506 960 568 όντι
983 510 1042 584 τῆς
1066 501 1146 587 ἐμῆς

128 611 297 692 βασιλείας
320 608 499 697 ἐπιβούλως
522 612 557 674 τί
578 604 615 674 ἀὲ
638 609 680 691 δή
702 607 757 673 καὶ
776 607 850 694 περὶ
869 620 937 673 τῶν
955 611 1146 693 μελλόντων

128 712 349 800 ἐχρημάτιζες;
373 713 414 780 οὐ
437 716 500 800 γάρ
524 716 566 798 δή
589 732 626 780 σε
649 716 784 799 φεύγων
807 712 863 799 ἐμὲ
882 713 936 779 καὶ
955 725 1062 799 μισῶν
1086 717 1173 780 τὸντ

128 819 208 905 ἐμὸν
232 809 551 886 οἷκονέλάνθανενῖ
596 821 706 904 <256>
727 821 745 886 ὁ
764 818 795 885 δ’
816 820 987 905 ἀρχιερεὺς
1010 819 1071 884 οὐκ
1091 818 1143 884 ἐπ’

129 928 270 1013 ἄρνησιν
293 925 414 1012 ἐτράπη
438 938 505 992 τῶν
528 929 725 1010 γεγονότων,
749 926 832 991 ἀλλά
855 928 935 1010 μετά
959 930 1146 1012 παρρησίας

127 1043 230 1099 ταῦτα
256 1045 438 1121 παρασχεῖν
464 1033 640 1118 ὡμολόγει,
670 1031 745 1118 οὐχὶ
772 1034 905 1117 Δανίάη
932 1035 1147 1118 χαριζόμενος

109 1137 200 1205 ,ἀλλ’
221 1138 319 1228 αὐτῷ.
364 1137 525 1225 πολέμιον
547 1141 610 1223 γάρ
630 1142 690 1205 σὸν
713 1138 774 1204 ούκ
793 1137 916 1204 εἰδέναι
936 1141 1068 1223 ἔφασκε,
1092 1162 1145 1203 πι-

128 1247 207 1312 στὸν
230 1243 261 1311 δ’
288 1245 324 1311 ἐν
347 1252 417 1323 τοῖς
439 1247 579 1330 μάλιστα
599 1247 722 1311 δοῦλον
744 1244 799 1309 καὶ
822 1246 1005 1331 χιλιάρχον,
1028 1243 1084 1310 καὶ
1108 1248 1145 1311 τὸ
1162 1269 1187 1307 10

128 1352 255 1418 τούτων
282 1356 408 1438 μεῖζον,
435 1355 585 1438 γαμβρόν
607 1349 637 1417 τ’
661 1352 725 1435 ήάη
753 1350 808 1417 καὶ
836 1360 990 1435 συγγενῆ.
1035 1353 1146 1437 <257>

127 1468 230 1524 ταῦτα
253 1457 285 1524 θ’
306 1458 367 1524 οὐκ
390 1458 525 1545 ἐχθροῖς
547 1456 702 1544 παρέχειν
724 1462 803 1536 τοὺς
826 1458 1038 1544 ἀνθρώπους,
1062 1458 1146 1524 ἀλλά

128 1576 198 1641 τοῖς
221 1564 336 1652 εὐνοίᾳ
358 1562 418 1630 καὶ
445 1574 522 1650 τιμή
549 1574 589 1650 τῇ
612 1566 696 1650 πρὸς
718 1565 839 1643 αὐτοὺς
864 1565 1019 1651 ἀρίστοις.
1066 1587 1146 1651 προ-

128 1679 289 1754 φητεῦσαι
318 1668 349 1736 δ’
379 1670 420 1736 οὐ
447 1680 512 1736 νῦν
539 1683 673 1756 πρῶτον
701 1670 805 1760 αύτῷ,
837 1672 996 1748 πολλάκις
1025 1668 1063 1736 ἀὲ
1091 1670 1146 1736 καὶ

128 1778 245 1843 ἀλλοτε
272 1786 369 1842 τοῦτο
397 1775 624 1860 πεποιηκέναι·
652 1775 809 1862 ’φήσαντι
833 1774 864 1842 δ’
889 1777 954 1843 ὑπὸ
981 1786 1043 1842 σοῦ
1065 1800 1146 1862 πεμ
1161 1798 1186 1837 τε

129 1890 261 1968 φθῆναι
288 1885 370 1949 κατὰ
397 1883 524 1967 πολλὴν
552 1884 703 1966 σπονδήν
730 1881 783 1948 ἐπὶ
810 1881 945 1968 πρᾶξιν,
971 1893 1017 1971 τῷ
1041 1880 1147 1968 μηδὲν

128 2002 311 2075 παρασχεῖν
329 1985 377 2056 ὧν
396 1989 549 2073 ἐπεζήτει,
574 1987 626 2055 σοὶ
645 1995 773 2074 μᾶλλον
791 1988 976 2071 ἀντιλέγειν
995 1988 1014 2071 ή
1030 1988 1146 2078 ἐκείνω

28 2170 31 2175 J
128 2094 203 2180 περὶ
236 2095 347 2160 αὐτῶν
379 2095 581 2179 ἐλογιζόμην.
634 2097 743 2179 <258>
776 2097 828 2160 διὸ
861 2092 965 2181 μηδὲν
996 2099 1147 2181 πονηρὸν

127 2197 199 2264 κατ’
221 2199 302 2284 ἐμοῦ
321 2202 502 2285 φρονήσῃς,
521 2197 604 2285 μηδὲ
621 2203 705 2286 πρὸς
723 2201 743 2266 ἀ
762 2211 826 2266 νῦν
845 2201 976 2278 ἀκούεις
990 2204 1147 2284 Δαυίδην

129 2303 304 2389 ἐγχειρεῖν,
331 2306 414 2390 πρὸς
436 2315 540 2370 ταῦτα
563 2306 624 2388 τήν
651 2309 725 2370 τότε
748 2329 813 2390 μου
837 2308 1003 2372 ἀσκοῦσαν
1026 2314 1146 2392 φιλαν-
1160 2327 1185 2365 2⁰

127 2413 284 2494 θρωπίαν
312 2410 532 2496 ὑποπτεύσῃς·
561 2414 648 2500 φίλῳ
677 2413 740 2497 γάρ
768 2409 823 2476 καὶ
851 2416 987 2500 γαμβρῷ
1016 2423 1063 2501 σρῖ
1090 2413 1146 2479 καὶ

128 2515 286 2606 χιλιάρχῳ
310 2514 486 2603 παρέσχον,
509 2516 550 2583 ού
572 2517 739 2607 πολεμίφ.’

93 2640 109 2689 6
194 2623 303 2708 <259>
335 2632 437 2689 ταῦτα
470 2623 576 2708 λέγων
609 2625 627 2691 ὁ
660 2624 832 2711 ἀρχιερεὺς
863 2624 924 2691 οὐκ
951 2627 1059 2692 ἔπεισε
1086 2627 1147 2691 τὸν

129 2730 286 2796 Σάονλον
308 2729 434 2818 (δεινὸς
461 2732 524 2817 γάρ
552 2732 570 2798 ὁ
599 2735 704 2817 φόβος
729 2730 805 2817 μηδ’
831 2733 953 2812 ἀληθεῖ
976 2733 1146 2798 πιστεύειν

128 2834 320 2922 ἀπολογία),
348 2839 474 2903 κελεύει
502 2834 539 2903 ἀὲ
562 2851 632 2915 τοῖς
655 2838 804 2914 ὁπλίταις
826 2847 1019 2921 περιστᾶσιν
1042 2836 1145 2904 αὐτὸν
1159 2855 1184 2895 2⁵

128 2942 208 3025 μετά
230 2950 288 3023 τῆς
311 2952 427 3023 γενεᾶς
449 2943 648 3009 ἀποκτεῖναι.
694 2944 738 3027 μή
761 2943 982 3027 θαρρούντων
1005 2942 1036 3008 δ’
1063 2944 1145 3010 ἐκεί-

18 3112 20 3117 ,
128 3071 198 3112 νων
222 3046 372 3123 ἀύασθαι
395 3057 456 3113 τοῦ
479 3048 670 3134 ἀρχιερέως,
698 3047 781 3115 ἀλλὰ
803 3050 840 3114 τὸ
863 3056 961 3114 θεῖον
985 3049 1145 3134 εύλαβου·

127 3151 238 3237 μένων
269 3157 396 3237 μᾶλλον
428 3151 449 3235 ή
481 3155 519 3218 τὸ
551 3162 758 3238 παρακοῦσαι
794 3162 854 3218 τοῦ
886 3154 1061 3238 βασιλέως,
1099 3166 1144 3244 τῷ

128 3259 229 3345 Σύρῳ
253 3260 380 3348 Δωήκφ
403 3259 598 3344 προστάττει
620 3260 679 3324 τὸν
698 3262 816 3344 φόνον,
839 3260 946 3343 (260)
966 3260 1020 3325 καὶ
1039 3284 1144 3348 παρα-

127 3363 239 3446 λαβὼν
263 3364 399 3449 ὁμοίους
422 3365 510 3452 αὐτῷ
533 3367 701 3450 πονηροὺς
724 3364 848 3441 ἐκεῖνος
876 3366 1061 3432 ἀποκτείνει
1084 3370 1144 3434 τὸν
1158 3385 1185 3426 ³0

200 3462 340 3550 ρεισι-
363 3485 618 3556 1Reg.xx1114.
