2400 3840
491 78 643 171 ΕΒδΟΜΗ
1008 119 1071 182 129

55 282 134 346 υίοῦ
157 280 428 365 παραλαβόντος.’
462 277 574 365 <213>
591 275 695 346 ταῦτα
718 272 992 365 λέγωνέπειθεν·
1011 282 1074 347 ύπ-

57 409 160 451 οπτον
182 388 245 470 γάρ
270 386 373 453 αὐτὸν
396 382 469 472 εἶχε.

124 491 179 557 καὶ
207 492 347 571 καλέσας
373 496 432 559 τὸν
457 492 669 579 Ἀχιτόφελον
699 496 957 579 συνεβουλεύετο
985 495 1073 583 αὐτῷ

57 602 93 664 τί
114 601 167 663 δεῖ
187 606 306 664 ποιεῖν.
352 600 370 665 ὃ
395 597 432 665 δὲ
453 599 618 688 παρήνεσε
644 609 716 678 ταῖς
742 603 949 688 τοῦπατρὸς
972 601 1075 667 αὐτὸν

27 711 240 782 σπαλλακαῖς
259 713 450 772 συνελθεῖν·
470 706 506 772 ἐκ
523 709 645 773 τούτου
664 711 727 795 γάρ
746 698 974 774 είσεσθαιτὸν
993 711 1075 774 λαὸν

57 815 150 893 έλεγε
173 814 394 877 πιστεύσαντα
422 814 467 890 ώς
490 813 693 880 ἀδιάλλακτά
720 833 773 880 σοι
800 817 840 881 τά
867 817 950 902 πρὸς
972 814 1075 880 αὐτόν

25 963 31 972 ·
57 917 139 1000 ἐστι,
162 915 216 981 καὶ
240 917 321 1002 μετὰ
338 923 464 1004 πολλῆς
487 923 789 1007 συστρατεύσεσθαι
808 925 999 1008 προθυμίας
1023 920 1075 986 ἐπὶ

56 1026 118 1089 τὸν
141 1023 278 1111 πατέρα·
303 1025 397 1112 μέχρι
416 1029 479 1112 γὰρ
499 1028 599 1112 δεῦρο
618 1030 768 1113 φανεράν
787 1030 913 1114 ἔχθραν
931 1028 1077 1113 ἀναλαμ-

57 1131 177 1215 βάνειν
191 1130 348 1216 δεδιέναι,
362 1134 617 1220 προσδοκῶντας
630 1134 715 1217 ὑμᾶς
729 1135 936 1217 ὁμονοήσειν.
968 1134 1077 1219 <214>

14 1256 43 1294 10
56 1236 210 1314 πεισθεὶς
233 1235 270 1303 δέ
292 1248 332 1324 πή
356 1243 543 1327 συμβουλίᾳ
567 1241 693 1306 κελεύει
717 1241 843 1324 σκηνήν
866 1242 954 1328 αὑτῷ
977 1240 1076 1324 πῆξαι

57 1347 139 1421 τοὺς
162 1334 290 1422 οἰκέτας
313 1343 366 1411 ἐπὶ
384 1356 445 1412 τοῦ
463 1350 644 1431 βασιλείου,
667 1355 727 1412 τοῦ
746 1348 898 1430 πλήθους
921 1348 1077 1434 δρῶντος,

57 1450 114 1517 καὶ
138 1453 319 1536 παρελθών
342 1452 536 1538 συνέρχεται
562 1465 635 1530 ταῖς
656 1463 717 1519 τοῦ
739 1457 864 1539 πατρὸς
885 1442 1077 1530 παλλακαῖς.

57 1566 163 1623 ταῦτα
191 1556 223 1622 δ’
254 1557 383 1641 ἐγένετο
410 1561 493 1625 κατὰ
520 1561 582 1643 τήν
610 1556 756 1626 Ναθάνα
783 1564 1004 1647 προφητείαν,
1035 1561 1078 1644 ἣν

57 1674 105 1752 τῷ
124 1665 258 1750 Δαυίδη
281 1669 453 1750 σημαίνων
474 1667 536 1749 τήν
560 1666 595 1732 έκ
613 1675 673 1732 τοῦ
691 1668 810 1744 παιδὸς
830 1665 991 1752 ἐσομένην
1010 1666 1078 1732 έπί-

15 1786 44 1827 15
58 1778 160 1836 θεσιν
183 1773 424 1856 προυφήτευσε.

129 1878 239 1960 <215>
271 1880 411 1962 ποιήσας
443 1877 473 1942 δ’
506 1877 731 1964 Ἀβεσάλωμος
762 1880 802 1944 τά
833 1878 1113 1964 παραινεθένταο

60 1984 151 2072 αὐτῷ
178 1985 243 2050 ὑπὸ
272 1988 332 2050 τοῦ
358 1983 584 2071 Ἀχιτοφέλου,
618 1987 775 2073 δεύτερον
802 1985 904 2051 αὐτὸν
934 1991 1079 2070 συμβου-

60 2091 173 2156 λεύειν
195 2089 290 2172 ήξίου
313 2089 389 2178 περὶ
411 2087 472 2157 τοῦ
494 2090 641 2176 πολέμου
668 2101 729 2156 τοῦ
755 2094 839 2179 πρὸς
865 2094 924 2158 τὸν
946 2090 1079 2179 πατέρα.
1141 2151 1144 2159 ,

60 2200 204 2282 μυρίους
227 2195 258 2261 δ’
284 2198 387 2262 αὐτὸν
415 2195 605 2275 ἐπιλέκτους
632 2199 828 2280 αἰτήσαντος
855 2197 998 2282 ἐκείνου,
1025 2197 1080 2265 καὶ

18 2319 46 2359 2⁰
60 2306 122 2370 τὸν
144 2302 270 2389 πατέρα
292 2315 422 2369 κτενεῖν
447 2303 551 2370 αὐτοῦ
578 2302 634 2370 καὶ
661 2307 740 2382 τοὺς
768 2309 830 2371 σὺν
857 2306 946 2395 αὐτῷ
974 2305 1081 2396 σώους

60 2409 197 2488 ἀνάξειν
220 2407 466 2493 ὑποσχομένου,
490 2407 545 2475 καὶ
568 2415 707 2496 βεβαίαν
729 2400 804 2478 τότε
826 2413 888 2495 τήν
910 2398 1082 2497 βασιλείαν

59 2521 200 2583 έσεσθαι
219 2519 398 2601 φήσαντος,
419 2518 573 2582 Δαυίδου
592 2516 706 2601 μηκέτι
726 2521 856 2599 ζῶντος,
880 2519 989 2602 <216>
1008 2521 1082 2604 ἀρε-

61 2623 159 2701 σθεὶς
181 2633 221 2709 τή
245 2625 360 2708 γνώμη
384 2628 611 2708 μετακαλεῖται
634 2624 693 2688 τὸν
717 2622 823 2689 Χουσὶ
846 2625 906 2688 τὸν
928 2627 1082 2690 Δαυίδου

62 2735 168 2816 φίλον
191 2729 293 2816 (οὕτω
317 2728 380 2814 γὰρ
405 2729 509 2794 αὐτὸν
532 2727 658 2804 ἐκεῖνος
681 2725 815 2815 έκάλει),
840 2726 895 2792 καὶ
917 2729 979 2811 τήν
999 2728 1083 2814 Ἀχι-

20 2848 48 2888 25
61 2836 210 2923 τοφέλου
228 2838 364 2921 γνώμην
383 2835 472 2923 αύτῷ
491 2835 643 2917 δηλώσας
665 2836 700 2899 τί
711 2831 771 2899 ’καὶ
789 2833 878 2923 αὐτῷ
897 2836 989 2900 δοκεῖ
1006 2834 1082 2921 περὶ

63 2944 167 3027 αὐτής
190 2942 408 3008 ἐπυνθάνετο.
454 2941 471 3007 δ
501 2937 538 3006 δέ
566 2941 714 3006 συνιδών
742 2941 792 3006 ὅτι
819 2939 1008 3025 γενομένων
1035 2936 1083 3007 ών
1145 3007 1146 3011 ,

61 3049 273 3134 Ἀχιτόφελος
296 3050 539 3132 συνεβούλευσε
561 3049 772 3114 κινδυνεύσει
789 3049 942 3130 Δαυίδης
965 3036 1084 3131 συλλη-

64 3155 167 3240 φθεὶς
186 3155 383 3237 ἀποθανεῖν,
407 3154 563 3220 ἐναντίαν
582 3154 734 3241 ἐπειρᾶτο
753 3156 889 3238 γνώμην
907 3142 1083 3239 εἰσφέρειν.

65 3264 175 3345 <217>
203 3261 256 3326 “ού
284 3264 347 3347 γάρ
376 3261 519 3344 ἀγνοεῖς’
548 3256 653 3343 εἶπεν,
686 3256 724 3326 εὦ
753 3264 905 3344 βασιλεύ,
936 3261 998 3343 τήν
1024 3271 1084 3327 τοῦ

21 3380 51 3420 30
64 3370 189 3453 πατρὸς
211 3366 267 3432 καὶ
289 3370 351 3451 τήν
373 3379 441 3433 τών
464 3357 642 3433 συνόντων
656 3366 744 3454 αὐτῷ
763 3366 932 3451 ἀνδρείαν,
946 3362 1006 3434 ’ὅτι
1029 3369 1085 3436 καὶ

139 3495 226 3554 §213
247 3516 281 3535 =
300 3497 315 3544 2
335 3491 404 3560 Reg.
422 3490 487 3544 XVI
501 3495 544 3545 20.

121 3590 248 3629 Iosmvs.
266 3590 298 3629 ΙΙ,
933 3585 954 3632 (δ
