2400 3840
139 119 184 185 50
511 124 784 176 ΑΡΧΑῙΟΛΟΓΙΔΣ

140 302 176 349 σε
204 286 400 370 χαρίζεσθαί
428 308 484 370 μοι
510 283 566 350 καὶ
593 280 750 369 παρέχειν
777 280 947 349 ἐθέλοντα.
993 288 1161 367 νουμηνία

140 387 201 474 μέν
226 392 273 467 είς
295 392 356 472 τήν
380 390 540 457 ἐπιοῦσάν
563 390 664 473 ἐστιν,
688 393 767 467 ἔθος
790 388 820 454 δ’
843 393 905 474 ἐχω
927 393 1077 456 δειπνεῖν
1096 393 1161 455 σὺν

140 507 185 585 τῷ
209 502 340 582 βασιλεῖ
360 499 557 582 καθήμενος.
605 498 713 581 <227>
732 499 762 562 εί
782 498 824 580 δή
844 514 896 562 σοι
916 499 1017 579 δοκεῖ,
1039 519 1161 581 πορευ-

139 601 214 679 θεὶς
237 602 297 682 ἐξω
320 612 378 686 τῆς
399 606 527 680 πόλεως
550 602 587 668 ἐν
610 613 655 692 τῷ
677 604 780 691 πεδίῳ
802 604 984 669 λανθάνων
1003 605 1160 685 διαμενῶ.

141 712 182 773 σὺ
202 707 232 772 δ’
255 709 506 792 ἐπιζητήσαντος
527 708 630 774 αὐτοῦ
649 707 724 793 λέγε
742 713 954 795 πορευθῆναί
973 733 1013 793 με
1032 712 1079 785 είς
1097 710 1190 791 τήυε

140 816 282 900 πατρίδα
306 813 519 899 Βηθλεέμην,
548 813 666 900 έορτήν
694 839 758 900 μου
785 825 843 899 τής
870 821 980 899 φυλῆς
1003 815 1161 897 ἀγούσης,

140 917 334 1006 προστιθεὶς
362 921 412 987 ὅτι
440 923 482 986 σύ
510 945 565 1006 μοι
590 922 848 1006 συγκεχώρηκας.
894 921 957 986 κάν
980 919 1056 1005 μέν,
1085 912 1162 985 οἷον

141 1027 228 1102 είκὸς
250 1023 304 1091 καὶ
329 1027 475 1110 σύνηθές
498 1027 566 1092 ἐστι
585 1026 695 1120 λέγειν
714 1025 767 1092 ἐπὶ
787 1031 898 1111 φίλοις
919 1028 1161 1110 ἀποδημοῦσιν,

140 1129 191 1197 ἐπ’
217 1131 334 1220 ἀγαθῷ
357 1132 534 1217 βεβάδικεν
557 1140 646 1218 είπη,
676 1140 756 1229 ἴσθι,
777 1130 881 1219 μηδὲν
905 1133 1055 1198 ὕπουλον
1078 1130 1158 1218 παρ’

141 1239 244 1304 αὐτοῦ
264 1233 349 1304 εἶναι
368 1236 445 1323 μηδ’
467 1239 603 1325 ἐχθρόν·
627 1238 669 1304 ἀν
688 1236 719 1304 δ’
741 1239 786 1316 ὡς
804 1240 911 1315 άλλως
931 1239 1161 1323 ἀποκρίνηται,
1177 1264 1199 1300 1·

141 1343 230 1411 τοῦτ’
257 1348 347 1410 ἔσται
374 1347 551 1430 τεκμήριον
579 1355 646 1410 τῶν
673 1342 744 1410 κατ’
771 1345 852 1429 ἐμοῦ
877 1341 1160 1429 βεβουλευμένων.

142 1453 251 1533 (228)
276 1452 433 1535 μηνύσεις
457 1448 496 1516 δέ
516 1476 572 1535 μοι
594 1451 656 1534 τήν
679 1451 833 1517 διάνοιαν
859 1452 921 1534 τήν
943 1461 1003 1516 τοῦ
1025 1454 1162 1536 πατρός,

142 1563 240 1644 οίκτῳ
273 1580 308 1622 τε
336 1555 448 1641 νέμων
474 1566 573 1623 τοῦτο
600 1556 655 1622 καὶ
683 1561 794 1644 φιλίᾳ,
827 1555 873 1622 δι’
902 1558 945 1641 ἣν
971 1561 1098 1633 πίστεις
1126 1583 1162 1622 τε

142 1661 219 1749 παρ’
242 1662 323 1748 ἐμοῦ
346 1668 461 1748 λαβεῖν
484 1662 624 1747 ἠξίωκας
643 1664 743 1741 αύτύς
760 1661 790 1728 τ’
811 1662 883 1748 ἐμοὶ
903 1665 1022 1728 δοῦναι
1042 1665 1161 1729 δεσπό-

142 1795 200 1854 της
224 1769 272 1836 ἀν
295 1768 404 1855 οίκέτη
423 1781 478 1858 σῷ.
515 1773 546 1836 εί
564 1768 594 1836 δ’
616 1771 779 1855 εὑρίσκεις
800 1795 833 1836 τι
855 1768 891 1835 ἐν
911 1767 983 1854 ἐμοὶ
1001 1773 1162 1854 πονηρόν,
1179 1794 1189 1830 ι

32 1948 34 1953 s
58 1957 63 1963 ἡ
143 1877 242 1954 αὐτὸς
265 1879 361 1944 ἀνελε
383 1875 438 1942 καὶ
462 1877 599 1961 φθάσον
621 1878 680 1942 τὸν
702 1874 847 1962 πατέρα’

108 2003 124 2050 8
211 1985 321 2067 <229>
343 1985 426 2068 πρὸς
453 1979 490 2047 δὲ
513 1983 550 2047 τὸ
574 1988 764 2048 τελευταῖον
788 1981 992 2068 δυσχεράνας
1015 1993 1082 2046 τῶν
1106 1986 1161 2047 λό-

144 2112 213 2169 γων
234 2087 394 2170 Ἰωνάθης
416 2089 568 2169 ποιήσειν
589 2086 681 2152 ταῦτ’
703 2088 927 2172 ἐπηγγείλατο,
950 2090 1013 2152 κάν
1030 2112 1063 2151 τι
1083 2105 1161 2153 σκυ-

144 2194 283 2277 θρωπὸν
311 2192 329 2258 δ
352 2193 458 2277 πατήρ
483 2192 587 2257 αὐτοῦ
609 2191 664 2256 καὶ
687 2194 748 2276 τήν
771 2192 952 2276 ἀπέχθειαν
979 2193 1162 2278 ἐμφανίζον

144 2297 376 2381 ἀποκρίνηται,
404 2298 573 2381 μηνύσειν.
620 2298 675 2362 ἵνα
704 2295 735 2361 δ’
766 2297 854 2385 αὐτῷ
882 2305 993 2384 θαρρῇ
1022 2306 1161 2383 μᾶλλον,
1176 2321 1199 2358 2·

145 2402 313 2485 ἐξαγαγὼν
341 2402 443 2467 αὐτὸν
471 2404 518 2478 είς
544 2402 715 2489 ὕπαιθρον
742 2401 797 2468 καὶ
824 2407 976 2489 καθαρὸν
999 2403 1080 2491 ἀέρα
1105 2406 1161 2471 ού-

145 2506 203 2574 δδν
216 2511 378 2594 παρήσειν
391 2505 474 2590 ὑπὲρ
489 2517 547 2592 τῆς
558 2510 712 2575 Δαυίδου
726 2513 889 2595 σωτηρίας
903 2512 1022 2594 ὤμνυε.
1050 2513 1161 2596 <230>

145 2615 215 2681 τὸν
235 2617 296 2701 γάρ
316 2615 409 2683 θεόν’
430 2611 500 2681 εἷπε
519 2616 660 2700 ’τοῦτον,
683 2615 723 2682 δν
741 2619 849 2683 πολὺν
867 2616 948 2703 δρᾷς
965 2616 1020 2681 καὶ
1038 2641 1162 2683 παντα-

144 2732 206 2805 χοῦ
224 2722 417 2807 κεχυμένον,
434 2721 490 2788 καὶ
508 2722 588 2809 πρὶν
608 2722 808 2808 ἑρμηνεῦσαί
824 2747 863 2807 με
881 2735 951 2799 τοῖς
970 2725 1081 2804 λόγοις
1099 2726 1163 2807 τήν

146 2828 300 2893 διάνοιαν
327 2831 391 2912 ήδη
419 2854 483 2914 μου
511 2832 635 2912 ταύτην
663 2831 788 2911 εἰδότα,
820 2829 970 2913 μάρτυρα
1001 2840 1189 2914 ποιοῦμαιε

145 2946 213 2998 τῶν
240 2936 323 3018 πρὸς
351 2932 387 2998 σὲ
414 2942 609 3017 συνθηκῶν,
642 2936 687 3012 ὡς
716 2934 777 3000 οὐκ
807 2934 918 3017 ἀνήσω
950 2937 1010 3000 τὸν
1036 2935 1163 3021 πατέρα

145 3039 303 3116 πολλάκις
326 3038 429 3104 αύτοῦ
451 3049 509 3123 τῆς
531 3039 753 3125 προαιρέσεως
780 3041 955 3128 διάπειραν
982 3042 1163 3126 λαμβάνων

145 3144 227 3231 πρὶν
250 3145 269 3228 ή
288 3151 494 3229 καταμαθεῖν
516 3146 588 3228 ήτις
607 3148 676 3210 ἐστι
694 3144 750 3210 καὶ
768 3149 856 3232 παρά
874 3160 944 3225 τοῖς
962 3148 1164 3234 ἀπορρήτοις

147 3252 249 3317 αύτοῦ
272 3260 330 3334 τῆς
352 3260 460 3334 ψυχῆς
477 3250 643 3332 γενέσθαι.
689 3253 799 3335 <231>
821 3256 1024 3338 καταμαθὼν
1047 3252 1077 3318 δ’
1100 3255 1162 3320 ούκ

146 3358 389 3442 ἀποκρύψομαι,
411 3358 628 3441 καταμηνύσω
651 3353 688 3422 δὲ
705 3359 789 3441 πρὸς
813 3354 849 3421 σὲ
871 3356 926 3422 καὶ
949 3369 1057 3444 πρᾷον
1080 3361 1162 3424 ὄντα
1176 3379 1199 3419 ι·

216 3483 297 3542 §227
319 3505 353 3525 =
371 3477 473 3547 -1Reg.
492 3478 581 3532 ΧΧο.
672 3536 675 3540 ,
