2400 3840
553 121 676 170 ENATH
788 130 793 140 ·
1054 119 1118 184 281

106 277 208 342 αὐτὸν
226 279 346 360 θήκαις
369 277 440 342 οὔτ’
461 280 562 360 άλλης
580 287 675 363 τιμής
693 277 847 361 ήξίωσαν,
871 278 942 346 ἀλλ’
964 281 1009 356 ώς
1030 283 1120 346 ι’διώ-

106 408 166 465 την
189 386 331 466 ἔθαψαν,
355 385 521 467 βιώσαντα
544 380 605 468 μὲν
624 386 678 466 ἐτη
697 386 946 470 τετταράκοντα,
970 389 1120 470 βασιλεύ-

106 507 209 554 σαντα
233 488 263 552 δ’
290 490 384 554 ὀκτώ.
429 491 637 575 παραδίδωσι
665 487 701 556 δὲ
725 492 786 574 τήν
806 490 911 576 ἀρχήν
934 491 952 556 ό
976 493 1120 575 δήμοςδ

104 608 172 661 τῶν
192 595 463 682 Ἱεροσολυμιτῶν
485 605 530 685 τῷ
552 595 647 662 παιδὶ
671 598 774 662 αὐτοῦ
795 595 928 684 Ὀχοζίᾳ.

77 724 88 761 ο
172 703 289 786 <105>
320 700 475 788 Ἰώραμος
508 701 539 767 δ’
570 704 588 769 δ
620 714 688 769 τῶν
712 701 924 789 Ἰσραηλιτῶν
956 705 1160 789 βασιλεῦς,6

104 809 185 893 μετά
212 809 273 891 τήν
294 807 435 874 Ἀδάδου
462 810 619 892 τέλεντὴν
646 808 781 886 ἐλπίσας
804 808 996 896 Ἀραμάθην
1023 814 1122 877 πόλιν

104 924 162 998 τής
191 916 433 992 Γαλααδίτιδος
459 913 704 1000 ἀφαιρήσεσθαι
738 918 816 994 τοῦς
843 918 992 1002 Σύρους,
1025 934 1122 1004 στρα-

104 1023 192 1086 τεύει
216 1018 278 1105 μὲν
301 1018 350 1087 ἐπ’
377 1021 481 1104 αὐτήν
504 1023 584 1106 μετά
607 1021 750 1106 μεγάλης
773 1032 997 1108 παρασκευῆς,
1026 1023 1062 1088 ἐν
1085 1020 1122 1088 δέ

104 1137 143 1211 τῇ
168 1130 342 1215 πολιορκίᾳ
364 1124 535 1205 τοξευθεὶς
557 1127 621 1192 ὑπό
644 1151 736 1204 τινος
758 1138 826 1193 τῶν
845 1129 968 1214 Σύρων
992 1128 1032 1193 οῦ
1052 1153 1123 1194 και-

64 1253 91 1292 10
106 1237 186 1318 ρίως
209 1233 419 1320 ἀνεχώρησεν
442 1236 489 1311 είς
504 1231 690 1318 Ἰεσράελαν
707 1236 817 1317 πόλιν,
841 1236 1063 1319 ἰαθησόμενος
1087 1234 1123 1301 ἐν
1187 1261 1191 1266 ’

106 1339 189 1424 αὐτή
212 1343 250 1405 τὸ
273 1348 413 1426 τραῦμα,
435 1340 624 1405 καταλιπὼν
647 1338 684 1405 ἐν
701 1349 741 1426 τῇ
757 1337 928 1425 Ἀραμάθη
946 1341 1008 1423 τήν
1026 1359 1123 1426 στρα-

106 1446 182 1509 τιὰν
209 1446 340 1510 άπασαν
366 1442 422 1509 καὶ
444 1444 590 1530 ἡγεμόνα
616 1447 676 1511 τὸν
700 1443 847 1530 Νεμεσσὶ
874 1447 977 1512 παῖδα
1002 1444 1122 1529 Ἰηοῦν·

106 1551 216 1633 <106>
239 1552 303 1635 ήδη
327 1553 390 1637 γάρ
414 1551 519 1634 αὐτὴν
540 1549 655 1639 ᾑρήκει
677 1554 760 1617 κατά
780 1553 907 1638 κράτος.
947 1555 1123 1638 προύκειτο

107 1654 138 1719 δ’
172 1656 260 1744 αὐτῷ
293 1658 373 1741 μετά
400 1657 462 1739 τήν
488 1661 672 1745 θεραπείαν
703 1663 861 1742 πολεμεῖν
891 1670 962 1736 τοῖς
988 1662 1124 1746 Σύροις.

64 1763 287 1838 15Ἐλισσαῑος
320 1760 350 1827 δ’
382 1763 400 1828 δ
427 1763 600 1847 προφήτης
629 1762 688 1829 ἕνα
719 1775 787 1828 τῶν
819 1763 922 1828 αὑτοῦ
954 1771 1124 1848 μαθητῶν,

107 1870 188 1944 δοὺς
218 1869 306 1956 αὐτῷ
335 1871 373 1933 τὸ
403 1869 500 1951 ἀχιον
531 1871 658 1952 ἔλαιον,
688 1871 832 1953 ἐπεμψεν
861 1871 908 1945 είς
933 1866 1125 1955 Ἀραμάθην

106 1978 264 2058 χρίσοντα
287 1976 346 2040 τὸν
364 1971 473 2058 Ἰηοῦν
494 1972 550 2039 καὶ
573 1974 745 2060 φράσοντα
768 1974 819 2039 ότι
842 1977 879 2040 τὸ
903 1981 1001 2039 θεῖον
1024 1975 1126 2041 αὐτὸν

108 2078 224 2164 ήρηται
244 2078 391 2165 βασιλέα,
410 2082 494 2146 ἀλλα
512 2104 548 2145 τε
565 2081 648 2166 πρὸς
666 2081 798 2158 τούτοις
817 2083 924 2146 είπεῖν
942 2079 1126 2157 ἐπιστείλας

108 2185 258 2251 ἐκέλευσε
281 2189 392 2276 τρόπῳ
416 2195 525 2270 φυχῆς
547 2188 752 2270 ποιήσασθαι
776 2188 837 2270 τήν
858 2191 1011 2273 πορείαν,
1038 2188 1126 2265 ὅπως

66 2313 93 2349 90
108 2291 197 2375 λάθη
224 2291 350 2370 πάντας
378 2293 509 2358 ἐκεῖθεν
536 2292 653 2359 ἀπιών.
698 2293 817 2377 <107>
845 2293 863 2358 ὃ
887 2291 924 2359 δὲ
948 2296 1126 2379 γενόμενος

109 2397 146 2462 ἐν
169 2407 207 2482 τῇ
230 2400 325 2463 πόλει
348 2400 408 2464 τὸν
430 2395 492 2484 μὲν
511 2397 620 2483 Ἰηοῦν
639 2400 782 2486 εὑρίσκει
802 2404 1027 2486 καθεζόμενον
1045 2403 1125 2485 μετά

107 2514 176 2568 τῶν
193 2512 252 2587 τής
271 2515 425 2589 στρατιᾶς
441 2505 615 2589 ἡγεμόνων
633 2504 736 2590 μέσον
754 2506 875 2590 αὐτῶν,
893 2508 1007 2582 καθώς
1022 2504 1126 2571 Ἐλισ-

108 2621 203 2686 σαῖος
221 2609 309 2698 αὐτῷ
328 2622 475 2695 προεῖπε,
495 2611 695 2695 προσελθὼν
714 2609 744 2675 δ’
767 2613 830 2694 ἔφη
849 2612 1032 2695 βούλεσθαι
1050 2607 1126 2695 περὶ

108 2726 211 2780 τινῶν
238 2715 326 2803 αὐτῷ
354 2717 583 2800 διαλεχθῆναι.
628 2715 747 2798 <108>
775 2723 836 2781 τοῦ
863 2713 894 2779 δ’
924 2714 1127 2790 ἀναστάντος

68 2840 93 2879 2⁵
108 2820 164 2886 καὶ
188 2822 480 2905 ἀκολουθήσαντος
503 2823 551 2898 είς
572 2822 610 2886 τὸ
633 2832 793 2905 ταμιεῖον,
816 2821 928 2904 λαβὼν
952 2820 969 2885 ὁ
992 2823 1127 2896 νεανίας

109 2929 146 2992 τὸ
171 2929 268 3010 άχιον
291 2930 404 2993 ἔλαιον
426 2927 578 3015 κατέχεεν
602 2926 705 2992 αὐτοῦ
728 2936 787 3011 τῆς
808 2931 968 3010 κεφαλῆς,
990 2923 1046 2990 καὶ
1068 2927 1128 2990 τὸν

109 3035 194 3098 θεὸν
217 3036 280 3117 ἐφη
309 3033 446 3118 βασιλέα
473 3045 677 3120 χειροτονεῖν
706 3033 809 3099 αὐτὸν
832 3031 882 3098 ἐπ’
908 3031 1039 3120 ὀλέθρῳ
1066 3041 1127 3097 τοῦ

109 3138 229 3220 γένους
252 3149 312 3204 τοῦ
333 3138 489 3225 Ἀχάβου,
515 3137 571 3205 καὶ
594 3141 682 3217 ὅπως
706 3138 870 3222 ἐκδικήσει
897 3140 935 3203 τὸ
958 3129 1038 3222 αἷμα
1060 3148 1128 3203 τῶν

107 3257 292 3328 προφητῶν
325 3257 392 3311 τῶν
425 3242 481 3311 ὑπ’
509 3243 686 3330 Ἰεζαβέλης
712 3247 912 3330 παρανόμως
939 3243 1129 3309 ἀποθανόν-

68 3370 193 3434 θοτων,
225 3351 335 3443 <1109>
364 3349 409 3417 ἵν’
440 3352 458 3417 δ
485 3352 614 3417 τούτων
646 3347 750 3433 οἶκος,
782 3351 841 3415 τὸν
874 3349 976 3415 αὐτὸν
1006 3353 1130 3435 τρόπον

183 3477 317 3536 §105=
338 3472 573 3542 4Reg.vss128.
