2400 3840
501 150 653 200 EBAOMH
1022 150 1085 214 117

66 314 228 394 τήσαντος
250 320 310 374 τοῦ
333 312 466 394 παιδός,
494 310 555 375 οὐκ
583 309 730 395 ἐτόλμων
757 321 802 399 τῷ
830 315 962 395 βασιλεῖ
986 305 1085 379 τοῦτο

67 419 207 502 μηνύειν
230 419 265 482 οί
285 418 500 503 θεράποντες,
524 421 729 502 λογιζόμενοι
753 419 797 502 μή
818 421 920 500 γνοὺς
939 421 987 483 ἔτι
1006 426 1086 503 μάλ-

67 529 128 588 λον
151 523 333 607 ἀπόσχηται
360 520 416 586 καὶ
443 534 570 609 τροφῆς
596 522 651 588 καὶ
679 532 738 608 τῆς
765 525 867 606 ἀλλης
891 522 1085 609 ἐπιμελείας,

56 630 111 705 ὡς
135 629 177 694 ἀν
197 628 250 694 ἐπὶ
268 627 386 694 πένθει
405 628 524 694 τέκνου
542 634 819 713 τετελευτηκότος,
838 631 935 696 ὁπότε
952 630 1008 696 καὶ
1031 656 1087 696 νο-

37 745 208 812 σσοῦντος
235 736 340 812 οὕτως
367 736 431 801 ὑπὸ
455 745 513 818 τῆς
540 738 646 819 λύπης
673 737 775 802 αὑτὸν
804 735 931 802 ε’κάκου.
978 739 1087 821 <156>

43 841 317 927 ’ταραττομένων
341 840 372 906 δ’
398 845 600 926 αἰσθόμενος
627 855 695 908 τῶν
720 845 858 909 οἰκετῶν
885 844 903 910 ὁ
932 847 1087 927 βασιλεὺς

64 946 121 1013 καὶ
144 957 247 1013 ταῦτα
269 952 466 1033 πασχόντων
485 948 505 1014 ἀ
524 949 665 1033 μάλιστα
685 951 873 1036 συγκρύψαι
894 974 927 1015 τι
945 949 1087 1015 θέλουσι

65 1057 258 1137 συμβαίνει,
285 1052 397 1130 συνεὶς
420 1055 470 1120 ὅτι
494 1053 656 1137 τέθνηκεν
680 1056 698 1121 ὁ
721 1067 813 1139 παίς,
841 1058 1087 1143 προσφωνήσας

65 1159 125 1224 ἕνα
153 1170 220 1225 τῶν
248 1161 386 1224 οἰκετῶν
412 1159 467 1225 καὶ
495 1162 616 1244 μαθὼν
642 1158 786 1244 τάληθὲς
813 1161 1001 1247 ἀνίσταται,
1030 1162 1087 1227 καλ

23 1288 50 1327 ιο
66 1266 270 1350 λουσάμενος
292 1264 348 1330 καὶ
371 1268 484 1349 λαβὼν
509 1265 634 1351 ἐσθῆτα
659 1268 782 1349 λευκήν
806 1270 854 1346 είς
875 1269 937 1352 τήν
961 1271 1087 1351 σκηνήν

64 1381 126 1437 τοῦ
153 1379 238 1437 θεοῦ
265 1376 495 1459 παραγίνεται·
528 1374 647 1459 <157>
676 1372 731 1438 καὶ
764 1376 921 1451 κελεύσας
949 1376 1087 1440 δεῖπνον

64 1480 155 1566 αὐτῷ
182 1486 400 1565 παραθεῖναι,
431 1481 559 1563 πολλὴν
592 1479 646 1545 ἐπὶ
673 1489 718 1569 τῷ
749 1484 926 1570 παραλόγῳ
954 1493 1025 1558 τοῖς
1052 1505 1087 1546 τε

64 1583 241 1667 συγγενέσι
259 1584 315 1651 καὶ
333 1597 404 1661 τοίς
422 1583 565 1663 οἰκέταις
584 1586 739 1669 ἔκπληξιν
757 1586 930 1671 παρέσχεν,
954 1588 1005 1652 ὅτι
1026 1610 1087 1672 μη-

44 1688 125 1756 ’θὲν
156 1694 284 1757 τούτων
317 1689 370 1756 ἐπὶ
401 1699 560 1756 νοσοῦντι
591 1700 637 1779 τῷ
666 1689 761 1755 παιδὶ
791 1693 945 1774 ποιήσας,
978 1690 1083 1756 πάνθ’
1118 1744 1120 1748 .

22 1817 48 1858 15
64 1798 151 1882 ὁμοῦ
169 1798 435 1879 τετελευτηκότος
455 1799 601 1881 ἔπραττε.
638 1798 700 1878 τήν
716 1794 746 1860 τ’
769 1798 890 1878 αἰτίαν,
909 1796 1087 1879 δεηθέντες

65 1902 239 1989 ἐπιτρέψαι
257 1913 391 1989 πρῶτον
414 1902 527 1978 αὐτοῖς
545 1900 729 1984 πυθέσθαι,
748 1902 960 1986 παρεκάλουν
980 1904 1086 1967 εἰπεῖν

63 2021 133 2075 τῶν
156 2007 393 2094 γεγενημένων.
440 2008 550 2092 <158>
574 2007 592 2072 ὃ
616 2005 647 2071 θ’
668 2007 811 2092 ἀμαθεῖς
830 2009 933 2072 εἰπὼν
954 2009 1086 2093 αὐτούς,

59 2115 240 2181 Ιἐδίδασκεν
263 2116 308 2192 ὡς
332 2117 379 2180 ε”τι
401 2111 463 2200 μὲν
487 2117 608 2193 ζῶντος
634 2123 695 2179 τού
717 2115 837 2191 παιδός
860 2117 944 2198 ἔχων
968 2115 1086 2181 ἐλπίδα

65 2226 230 2308 σωτηρίας
253 2221 357 2286 αὐτοῦ
381 2222 524 2298 δεόντως
545 2219 643 2286 πάντ’
665 2220 779 2305 ἐποίει,
802 2223 862 2286 τὸν
880 2224 965 2287 θεὸν
985 2222 1085 2306 ήγού-

23 2349 49 2387 εο
63 2352 164 2412 μενος
196 2329 327 2403 τούτοις
364 2328 484 2412 εὐμενῆ
519 2329 748 2411 καταστήσειν·
786 2327 1019 2405 ἀποθανόντος
1051 2327 1083 2392 θ’

64 2433 175 2499 οὐκέτι
207 2438 323 2519 χρείαν
355 2429 440 2498 εἶναι
473 2436 578 2517 λύπης
610 2438 758 2519 ματαίας.
808 2433 901 2500 ταῦτ’
935 2438 1086 2511 εἰπόντος

65 2538 229 2624 ἐπῄνεσαν
251 2540 313 2623 τήν
337 2544 461 2625 σοφίαν
483 2538 539 2603 καλ
563 2540 626 2622 τήν
649 2541 804 2605 διάνοιαν
830 2550 890 2605 τοῦ
914 2539 1085 2624 βασιλέως.
1133 2591 1135 2594 <

65 2647 242 2712 συνελθὼν
257 2642 294 2710 δὲ
307 2655 346 2731 τῇ
361 2641 495 2728 γυναικὶ
505 2649 675 2729 Βεερσαβή
686 2647 807 2726 ἔγκυον
821 2645 926 2727 αὐτὴν
941 2644 1084 2727 ἐποίησε,

64 2751 120 2816 καλ
148 2754 329 2837 γενόμενον
357 2755 459 2838 ἄρρεν
486 2751 622 2816 παιδίον
645 2755 832 2835 Σολομῶνα
859 2752 1085 2836 προσηγόρευ-

22 2877 49 2918 25
65 2875 134 2941 σεν,
158 2858 244 2922 οὕτω
269 2859 416 2923 Ναθάνα
439 2867 499 2923 τοῦ
522 2858 697 2943 προφήτου
719 2858 946 2934 κελεύσαντος.

131 2963 251 3049 <159>
275 2962 408 3048 Ἰώαβος
440 2961 478 3029 δὲ
509 2973 548 3049 τῇ
580 2966 756 3051 πολιορκίᾳ
784 2966 863 3040 τούς
887 2961 1121 3047 Ἀμμανίταςσ

65 3074 210 3157 ἰσχυρῶς
229 3069 359 3155 ἐκάκου,
381 3081 449 3136 τῶν
467 3069 504 3137 θ’
524 3071 658 3136 ὑόάτων
679 3071 802 3147 αὐτοὺς
821 3069 1086 3154 ἀποτεμνόμενος

63 3176 119 3243 καὶ
150 3186 208 3260 τῆς
235 3188 303 3242 τῶν
330 3178 441 3242 ἀλλων
469 3177 640 3264 εὐπορίας,
673 3177 718 3253 ὡς
747 3175 837 3241 πάνυ
865 3181 1086 3261 ταλαιπωρεῖν

64 3283 177 3370 ἐνθείη
199 3291 304 3347 ποτοῦ
327 3280 383 3347 καλ
404 3292 543 3368 τροφῆς·
568 3281 601 3360 ἐξ
621 3282 738 3365 ὀλίγου
757 3283 819 3367 γάρ
840 3279 983 3367 φρέατος
1005 3280 1085 3366 ήρύ-

21 3408 49 3449 ευ
64 3412 175 3472 τοντο,
195 3387 250 3453 καὶ
269 3390 390 3454 τούτου
408 3387 677 3474 τεταμιευμένον,
701 3389 746 3465 ὡς
764 3388 807 3472 μή
827 3385 945 3464 τελέως
964 3388 1090 3462 αὐτοὺς

138 3516 153 3576 ς
177 3514 226 3565 ιεε
246 3537 280 3557 =
299 3517 314 3566 ε
333 3511 402 3580 Reg.
421 3510 472 3564 ΧΗ
488 3516 529 3568 18.
