2400 3840
524 109 623 158 EKTH
640 94 643 100 '
1041 112 1082 175 19

44 268 230 351 νούμενον
243 265 299 331 καὶ
313 265 411 350 δόξης
425 267 636 333 ἀπολαύοντα
654 274 849 353 θαυμαστῆς
868 268 918 334 ἐπ’
935 270 1081 360 ἀνδρείᾳ.

59 372 117 438 καὶ
141 374 205 456 γδιρ
230 379 264 437 εί
277 397 365 450 τινες
382 368 468 456 ἦσαν
488 377 523 438 οἳ
537 377 701 458 πρότερον
720 375 824 440 αὐτοῦ
841 380 1081 463 κατεφρόνουν,

59 483 135 546 τότε
150 478 351 564 μετέστησαν
365 477 418 545 ἐπὶ
437 483 475 546 τὸ
493 489 592 564 τιμᾶν
610 479 666 545 καὶ
684 481 818 546 πάντων
836 483 973 568 ἄριστον
988 489 1081 568 νομί-

58 591 137 666 ζειν.
179 586 219 650 ού
237 587 301 673 γδιρ
319 587 458 670 ήρκεσεν
477 586 566 674 αὐτῷ
584 590 663 664 τοὺς
679 584 884 671 Ἰαβισηνοὺς
902 587 1081 654 σεσωκέναι

28 697 183 778 τμόνον,
218 691 300 758 ἀλλὰ
332 690 388 757 καὶ
420 702 459 777 τῇ
491 704 559 758 τῶν
588 691 794 778 Ἀμμανιτῶν
827 694 1082 780 ἐπιστρατεύσας

55 802 152 886 χώρᾳ
176 809 285 864 πᾶσαν
308 799 412 882 αύτήν
435 798 708 885 καταστρέφεται,
735 798 790 865 καὶ
818 801 945 884 πολλὴν
968 802 1081 885 λαβὼν

50 911 155 972 λείαν
179 907 328 992 λαμπρὸς
351 908 398 982 είς
415 906 482 988 τήν
500 908 627 971 οἰκείαν
645 905 859 993 ὑπέστρεφεν.
899 907 986 991 (81)
1006 907 1023 972 ὁ
1043 905 1081 972 δέ

58 1015 141 1089 λαὸς
167 1009 228 1096 ὑφ’
255 1011 380 1095 ήδονής
406 1023 473 1078 τῶν
501 1014 644 1102 Σαούλῳ
670 1011 943 1099 κατωρθωμένων
972 1015 1081 1100 ἔχαιρε

58 1115 122 1204 μὲν
150 1119 202 1183 ὅτι
225 1126 379 1183 τοιοῦτον
402 1116 628 1204 ἐχειροτόνησε
651 1116 802 1201 βασιλέα,
829 1120 914 1205 πρὸς
940 1115 978 1184 δὲ
1002 1123 1082 1197 τοὺς

20 1245 45 1284 ιο
59 1220 163 1290 οῦδὲν
191 1225 312 1308 όφελος
339 1224 442 1290 αὐτὸν
471 1226 606 1290 ἔσεσθαι
634 1236 703 1301 τοῖς
729 1224 898 1308 πράγμασι
923 1223 1081 1307 λέγοντας

60 1331 168 1417 ἐβόων
193 1330 269 1396 “ποῦ
287 1340 352 1397 νῦν
371 1327 457 1396 είσὶν
478 1325 595 1410 οὗτοι;’
619 1329 674 1396 καὶ
698 1331 861 1396 (δότωσαν
880 1331 1001 1414 δίκην·’
1025 1328 1081 1397 καὶ

58 1435 164 1504 πάνθ’
191 1438 253 1503 ὅσα
276 1444 369 1520 φιλεῖ
390 1436 500 1519 λέγειν
523 1440 621 1521 όχλος
644 1435 694 1502 ἐπ’
721 1437 915 1522 εὐπραγίαις
938 1434 1081 1522 ἠρμένος

58 1546 143 1631 πρὸς
166 1547 245 1620 τοὺς
263 1543 522 1622 ἐξευτελίζοντας
545 1547 682 1628 ἔναγχος
699 1547 777 1621 τοὺς
795 1546 923 1609 τούτων
944 1546 1079 1620 αίτίους.

60 1652 149 1735 <82>
178 1651 333 1727 Σύουλος
360 1646 397 1714 δέ
425 1651 553 1715 τούτων
580 1646 641 1734 μὲν
669 1648 827 1732 ήσπύζετο
856 1650 918 1732 τήν
944 1651 1080 1715 εύνοιαν

22 1776 46 1816 ιτ
59 1755 114 1822 καὶ
148 1757 210 1838 τήν
242 1754 317 1840 περὶ
350 1755 453 1820 αὐτὸν
484 1759 693 1841 προθυμίαν,
726 1756 834 1838 ὤμοσε
867 1750 904 1817 δὲ
934 1756 978 1838 μή
1005 1777 1080 1818 τινα

58 1867 284 1948 περιόψεσθαι
311 1873 379 1927 τῶν
402 1861 583 1947 ὁμοφύλων
611 1861 855 1944 ἀναιρούμενον
878 1856 928 1922 ἐπ’
955 1857 1082 1941 ἐκείνης

57 1980 118 2052 τῆς
141 1967 277 2055 ἡμέρας·
302 1970 427 2034 ἄτοπον
449 1970 513 2053 γὰρ
533 1962 619 2032 εἷναι
642 1967 703 2049 τήν
721 1966 786 2031 ὑπὸ
806 1973 865 2029 τοῦ
884 1971 968 2030 θεοῦ
987 1965 1081 2029 δεδο-

58 2077 166 2161 μένην
193 2079 292 2168 νίκην
316 2076 433 2166 Ιαἵματι
460 2083 566 2159 φῦραι
592 2069 648 2137 καὶ
676 2075 770 2160 φόνφ
797 2081 865 2136 τῶν
896 2069 931 2135 ἐκ
958 2071 1081 2135 ταύτοῦ

57 2181 182 2266 γένους
205 2160 333 2264 αῆοίς,
360 2179 499 2265 πρέπειν
522 2175 560 2244 δέ
583 2184 709 2264 μᾶλλον
736 2179 819 2262 πρὸς
842 2176 1006 2260 ἀλλήλους
1029 2178 1082 2242 εύ-

17 2307 44 2348 20
58 2300 169 2374 μενῶς
192 2286 422 2372 διακειμένους
447 2285 621 2373 ἑορτάζειν.

129 2396 218 2478 <83>
242 2393 453 2479 ’Σαμουήλου
486 2389 523 2457 δέ
556 2395 724 2477 φήσαντος
755 2390 810 2457 καὶ
844 2388 982 2476 δευτέρᾳ
1008 2389 1116 2452 δεῖνι

57 2505 249 2588 χειροτονίᾳ
268 2502 411 2589 Σαούλφ
434 2500 496 2581 τήν
519 2502 691 2584 βασιλείαν
713 2498 925 2583 ἐπικυρῶσαι,
948 2498 1082 2560 συνίασι

57 2610 182 2684 πάντες
205 2610 253 2684 είς
277 2607 431 2689 Γάλγαλα
454 2607 565 2671 πόλιν·
590 2603 659 2669 ἐκεῖ
679 2605 741 2688 γδρ
766 2603 887 2678 αὐτοὺς
911 2599 1082 2664 ἐκέλευσεν

59 2714 186 2780 ἐλθεῖν.
232 2709 288 2776 καὶ
311 2712 413 2777 πόλιν
435 2708 588 2800 ξὸρῶντος
610 2717 670 2772 τοῦ
693 2709 846 2790 πλήθους
868 2705 886 2770 ὁ
910 2706 1082 2790 προφήτης

19 2837 45 2878 2⁶
58 2824 146 2906 χρίει
171 2820 232 2884 τὸν
260 2818 418 2884 Σάουλον
446 2826 492 2905 τῷ
515 2816 599 2905 ἁγίῳ
628 2813 726 2903 ἐλαίφ
755 2810 809 2878 καὶ
840 2812 997 2897 δεύτερον
1024 2809 1081 2875 ἀν-

59 2925 216 3011 αγορεύει
235 2922 382 3008 βασιλέα.
427 2921 483 2988 καὶ
506 2922 613 2998 οὕτως
630 2920 650 3005 ή
670 2931 737 2985 τῶν
752 2916 915 3005 Ἑβραίων
933 2921 1081 2984 πολιτεία

60 3033 109 3108 είς
132 3033 307 3115 βασιλείαν
330 3028 514 3116 μετέπεσεν.
560 3028 646 3111 <84>
672 3025 724 3093 ἐπὶ
747 3028 810 3112 γὰρ
834 3023 1000 3098 Μωυσέος
1025 3020 1080 3087 καὶ

60 3146 122 3203 τοῦ
145 3143 301 3222 μαθητοῦ
325 3136 428 3201 αὐτοῦ
449 3133 574 3217 Ἰησοῦ,
599 3133 636 3211 ὃς
662 3128 705 3217 ήν
728 3133 923 3216 στρατηγός,
950 3129 1080 3214 ἀριστο-

59 3245 282 3329 κρατούμενοι
306 3241 485 3308 διετέλουν.
527 3241 607 3324 μετδι
627 3237 663 3304 δέ
681 3240 742 3322 τήν
761 3238 897 3302 ἐκείνων
914 3235 1081 3316 τελευτήν,

24 3366 48 3406 ³0
61 3353 148 3416 ἔτεσι
167 3360 238 3426 τοῖς
256 3358 336 3414 πᾶσι
355 3347 433 3414 δέκα
452 3344 508 3411 καὶ
526 3348 609 3432 πρὸς
627 3346 758 3420 τούτοις
776 3342 870 3424 ὀκτώ,
893 3342 930 3406 τὸ
951 3346 1081 3424 πλῆθος

134 3478 149 3537 5
168 3477 201 3526 81
223 3497 256 3516 =
277 3477 291 3524 1
310 3469 379 3538 Reg.
398 3468 437 3521 XI
453 3475 494 3522 12.

898 3554 938 3612 (χΙ
