2400 3840
119 137 184 203 182
488 132 763 187 εεαειοεονιεν
1173 40 1180 178 δ

116 299 376 382 Μεσοποταμίας
402 293 559 381 ἀφίξεως,
591 293 657 360 ἀπὸ
688 288 727 359 δὲ
757 300 816 378 τής
848 289 1035 380 ἐπομβρίας
1061 292 1134 377 μετὰ
1178 322 1180 329 v

116 408 207 491 χίλια
229 402 285 470 καὶ
307 405 501 490 τετρακόσια
527 397 583 467 καὶ
605 399 854 486 τετταράκοντα
899 399 991 483 <62>
1014 398 1081 465 ἀπὸ
1103 395 1135 464 δλ

115 521 176 579 τοῦ
199 512 333 598 πρώτον
351 505 574 593 γεννηθέντος
588 503 735 592 Ἀδάμου
751 506 814 585 ἕως
831 507 894 574 τὸν
910 507 999 573 ναὸν
1017 503 1136 594 ιβιιοδό-

116 634 221 704 μησεν
244 617 262 683 ὁ
286 617 464 702 Σολομόον,
492 613 686 698 διεληλύθει
706 613 748 680 τὰ
770 609 867 680 πάντ’
893 614 951 697 ἐτη
974 615 1136 699 τρισχίλια

116 723 172 791 καὶ
191 721 308 791 ἑκατὸν
326 720 382 789 καὶ
400 723 471 788 δύο.
515 718 594 787 καθ’
615 720 657 787 ὃν
676 717 709 785 δ’
730 720 748 788 δ
766 720 848 798 ναὸς
865 717 991 806 ἤρξατο
1008 721 1154 786 οίκοδοι

117 837 254 916 μεῖσθαι
278 832 417 915 χρόνον,
443 825 515 894 κατ’
541 827 670 893 ἐκείνου
697 829 770 904 ἔτος
795 827 860 911 ήδη
887 833 949 910 τῆς
977 824 1016 893 ἐν
1043 814 1134 914 Τύρῳ

117 937 287 1022 βασιλείας
314 932 492 1001 ἑνδέκατον
520 932 700 1018 ἐνειστήκει
726 931 895 1023 Εἰράμῳ,
919 923 991 1014 άτιίδ1
1015 928 1056 998 δέ
1082 941 1136 1017 τῆς

117 1043 267 1118 οίκίσεως
297 1041 410 1126 Ῥόρου
437 1041 485 1118 είς
511 1040 573 1124 τήν
598 1040 795 1126 οἰκοδομίαν
824 1046 886 1105 τοῦ
917 1047 1006 1107 ναοῦ
1035 1040 1135 1124 διεγε·
1174 1044 1180 1065 ⁸

115 1148 209 1230 γόνει
231 1148 352 1232 χρόνος
374 1145 458 1213 ἐτῶν
479 1147 721 1233 τετταράκοντα
741 1144 798 1212 καὶ
820 1146 1015 1213 διακοσίων.
1090 1163 1093 1169 ·

81 1269 98 1318 2
184 1251 272 1336 <63>
295 1252 451 1338 βάλλεται
473 1248 535 1338 μὲν
558 1247 621 1318 οὖν
642 1261 689 1341 τςδ
709 1260 781 1340 ναῳλ
798 1254 981 1336 θεμελίους
1003 1253 1023 1320 ὁ
1046 1257 1134 1339 βασι-
1146 1274 1163 1316 ιι

117 1362 193 1437 λεὺς
217 1356 270 1424 ἐπὶ
292 1360 452 1444 μήκιστον
469 1366 528 1442 τῆς
544 1366 607 1442 γῆς
624 1359 741 1442 βάθος,
763 1357 847 1441 ὕλης
868 1359 981 1424 λίθων
1002 1361 1136 1446 ἰσχυράς

116 1463 171 1531 καὶ
190 1468 273 1552 πρὸς
290 1467 414 1550 χρόνον
432 1462 583 1548 ἀντέχειν
603 1462 802 1550 δυναμένης,
824 1467 863 1530 οἳ
880 1472 921 1551 τῇ
938 1486 976 1530 τε
994 1474 1039 1552 γῇ
1057 1482 1135 1550 συμ-

116 1571 242 1655 φύντες
264 1573 403 1656 ἔμελλον
425 1568 481 1636 καὶ
504 1572 629 1656 ἔδαφος
649 1567 706 1636 καὶ
729 1572 947 1658 ἐρεισματής
964 1569 1136 1639 ἐποικοδο·

115 1669 304 1762 μησομένης
325 1686 529 1762 κατασκευῆς
552 1680 703 1761 ἔσεσθαι,
730 1675 787 1744 καὶ
813 1678 872 1744 διδ
896 1678 959 1762 τὴν
983 1679 1136 1745 κάτωθεν

117 1785 215 1870 ίσχὺν
237 1790 343 1850 οίσειν
365 1784 498 1863 ἀπόνως
519 1787 557 1851 τὸ
580 1783 723 1869 μέγεθός
740 1807 776 1850 τε
793 1795 862 1850 τῶν
880 1782 1137 1871 ἐπικεισομένων
1148 1801 1180 1878 ιεθ

104 1890 172 1958 ,καὶ
193 1893 338 1970 κάλλους
359 1890 592 1976 πολυτέλειαν,
620 1884 642 1977 ή
664 1891 767 1977 βάρος
794 1892 928 1976 ἔμελλεν
951 1891 1015 1977 οὐχ
1038 1887 1137 1976 ήττον

116 1995 204 2065 είναι
222 2011 289 2065 τῶν
300 2001 415 2065 άλλοιν
433 1999 495 2065 ὅσα
512 2001 596 2085 πρὸς
613 1997 700 2077 ὕψος
716 1993 772 2062 καὶ
790 1999 874 2083 πρὸς
891 1999 994 2080 όγκον
1010 2001 1136 2084 κόσμου

116 2129 152 2170 τε
176 2106 282 2190 χάριν
300 2103 356 2170 καλ
384 2107 626 2191 μεγαλουργίας
654 2103 829 2170 ἐπενοεῖτο.
873 2104 962 2188 <64>
990 2103 1136 2189 ἀνήγαγε

116 2207 147 2273 δ’
179 2208 282 2274 αὐτὸν
308 2211 385 2294 άχρι
412 2218 472 2292 τῆς
499 2211 627 2295 ὀροφῆς
654 2209 689 2275 ἐκ
717 2217 838 2278 λευκοῦ
869 2212 972 2276 λίθου
999 2233 1136 2294 πεποιη-

115 2311 228 2398 μένον.
273 2313 311 2377 τὸ
334 2306 396 2396 μέν
419 2308 481 2378 οὖν
503 2303 588 2392 ὕψος
610 2309 653 2399 ἦν
672 2313 829 2399 ἐξήκοντα
848 2317 991 2400 πήχεων,
1013 2329 1085 2383 τῶν
1103 2314 1132 2382 δ’
1148 2335 1169 2378 υ

116 2419 227 2484 αὐτῶν
249 2415 366 2484 καὶτὸ
388 2428 502 2504 μῆκος,
525 2414 622 2505 εὖρος
645 2418 676 2486 δ’
697 2427 811 2488 είιιοσε.
855 2423 939 2489 κατὰ
958 2424 1084 2491 τούτου
1102 2421 1132 2489 δ’

63 2600 67 2606 ,
115 2527 216 2602 ἄλλος
233 2520 277 2610 ἦν
295 2523 522 2612 ἐγηγερμένος,
547 2532 618 2606 ίσος
635 2536 706 2606 τοίς
723 2528 866 2615 μέτροις,
889 2531 973 2595 ὥστε
992 2525 1081 2597 εἶναι
1099 2534 1135 2597 τὸ

116 2643 183 2699 πᾶν
205 2633 292 2713 ὕψος
308 2643 355 2725 τῳ
373 2644 443 2724 ναῷ
460 2636 593 2722 πήχεων
612 2634 729 2704 ἑκατὸν
746 2632 802 2700 καὶ
820 2641 933 2703 είκοσι.
975 2635 1135 2722 τέτραπτο

116 2737 157 2806 δὲ
181 2744 265 2828 πρὸς
292 2742 353 2826 τήν
380 2742 555 2827 ἀνατολήν.
601 2744 697 2828 <65>
722 2744 760 2808 τὸ
789 2738 827 2807 δὲ
852 2745 1004 2828 πρόναον
1031 2743 1135 2809 αὐτοῦ

116 2851 324 2944 προύστησεν
352 2847 405 2914 ἐπὶ
432 2850 547 2934 πήχεις
574 2846 636 2933 μέν
659 2854 762 2913 είκοσι
784 2849 822 2914 τὸ
846 2856 963 2932 μῆκος,
990 2851 1075 2935 πρὸς
1098 2850 1135 2914 τὸ
1148 2863 1172 2907 υ

117 2948 214 3039 εὖρος
245 2963 305 3018 τοῦ
337 2960 432 3019 οίκου
464 2952 658 3037 τεταμένον,
690 2955 767 3037 ἔχον
801 2950 840 3019 δὲ
870 2955 994 3031 πλάτος
1020 2956 1137 3039 πήχεις

117 3057 211 3142 δέκα,
243 3058 330 3137 ὕψος
357 3056 388 3122 δ’
419 3055 685 3143 ἀνεγηγερμένον
711 3061 843 3144 πήχεων
875 3058 993 3126 ἑκατὸν
1021 3066 1136 3127 είκοσι.

115 3166 385 3254 περιῳκοδόμησε
408 3161 446 3228 δὲ
467 3165 528 3229 τὸν
550 3164 634 3228 ναόν
657 3162 695 3230 ἐν
716 3167 826 3256 κύκλῳ
854 3165 1032 3253 τριάκοντα
1055 3170 1136 3252 βρα-

115 3268 209 3352 χέσιν
232 3277 346 3355 οίκοις,
369 3273 406 3336 οδ
420 3269 545 3354 συνοχή
562 3291 599 3334 τε
615 3277 676 3334 τοῦ
694 3274 818 3350 παντὸς
841 3273 980 3357 ἔμελλον
998 3274 1136 3338 ἔσεσθαι

116 3374 172 3439 διδ
199 3379 389 3460 πυκνότητα
415 3374 470 3442 καὶ
497 3379 629 3457 πλῆθος
655 3373 782 3453 ἔξωθεν
808 3380 1046 3464 περικείμενοι,
1078 3377 1136 3445 καὶ
1149 3396 1175 3438 ευ

189 3499 258 3559 §63
278 3522 311 3542 ιι
331 3503 346 3552 3
366 3498 435 3568 Reg.
455 3495 684 3560 VI232Paral.
704 3499 781 3554 1113.
