2400 3840
112 118 133 178 4
482 111 757 164 APXAIOAorlAz

112 274 166 342 ‘av
185 273 216 339 δ’
237 277 342 357 ἀλλην
366 275 565 359 τράπωνται,
588 271 830 357 μεταδιώξομεν
852 270 973 354 αύτήν’
997 274 1135 356 ἔφασαν,

113 380 291 467 ’μαθόντες
315 383 365 447 ὅτι
389 382 553 467 μηδεμίαν
578 382 675 464 ἰσχὺν
697 379 855 461 τοιαύτην
878 377 971 462 ἔχει]

81 508 97 555 3
181 491 268 571 <13>
303 492 437 574 ἔκριναν
467 483 498 552 δ’
528 486 611 551 αὐτὰ
643 491 752 562 καλῶς
778 487 952 569 είρήσθαι,
985 483 1043 549 καὶ
1071 496 1135 560 τοῖς

114 599 223 682 ἔργοις
251 595 356 671 εὐθὺς
379 595 441 677 τήν
468 593 605 678 γνώμην
632 591 811 676 ἐκύρωσαν.
856 587 911 654 καὶ
937 592 1135 674 ποιήσαντες

113 699 175 786 μὲν
206 704 247 767 τδι
274 698 497 784 προειρημένα
524 698 708 782 προάγουσι
741 698 802 780 τήν
829 697 959 780 ἅμαξαν
994 695 1049 762 ἐπὶ
1079 698 1155 779 τήνῖ

114 809 251 893 τρίοδον
277 805 332 871 καί
359 809 596 882 καταλιπόντες
623 803 848 889 ἀνεχώρησαν·
881 814 950 868 τῶν
979 801 1017 869 δέ
1049 808 1135 888 βοῶν

114 915 176 997 τήν
199 912 308 996 ὀρθήν
332 911 414 977 ὁδὸν
438 912 546 997 ὥσπερ
567 910 756 995 ἡγουμένου
774 911 865 987 τινὸς
883 909 1003 987 αὐταῖς
1021 910 1134 976 ἀπιου-

116 1031 198 1099 σῶν,
228 1017 441 1099 ἠκολούθουν
464 1018 499 1083 οί
520 1029 587 1082 τῶν
611 1022 848 1083 Παλαιστινῶν
870 1018 1045 1102 ἄρχοντες,
1073 1026 1134 1082 ποῦ

114 1120 194 1190 ποτὲ
218 1124 395 1207 στήσονται
418 1121 472 1189 καί
495 1126 579 1208 πρὸς
601 1128 696 1201 τίνας
718 1123 833 1206 ήξονσι
852 1126 1055 1208 βουλόμενοι
1078 1147 1133 1208 μα-

115 1237 201 1294 θεῖν.
244 1232 332 1312 <14>
355 1232 447 1316 κώμη
472 1229 511 1295 δέ
531 1253 582 1307 τις
605 1233 673 1295 έστι
696 1239 754 1314 τῆς
769 1227 878 1295 Ἰούδα
899 1235 1021 1314 φυλῆς,
1045 1235 1132 1312 Βηθ-
1144 1244 1162 1283 1⁰

116 1337 202 1423 σάμη
232 1337 391 1422 τούνομα·
421 1339 468 1414 είς
495 1337 619 1419 ταύτην
646 1336 867 1420 ἀφικνοῦνται
894 1336 931 1400 αί
957 1339 1049 1420 βόες,
1082 1334 1132 1401 καὶ

115 1445 233 1508 πεδίου
257 1443 402 1528 μεγάλου
425 1442 480 1508 καὶ
503 1450 606 1509 καλοῦ
630 1442 690 1526 τήν
713 1445 851 1528 πορείαν
872 1442 984 1507 αὐτῶν
1009 1435 1131 1521 ἐκδεξα-

116 1547 219 1632 μένου
229 1551 392 1614 παύονται
407 1551 603 1636 προσωτέρω
617 1561 747 1634 χωρεῖν,
761 1551 921 1632 στήσασαι
934 1550 996 1632 τήν
1009 1550 1132 1635 άμαξαν

117 1654 247 1720 αὐτόθι.
293 1654 358 1720 θέα
383 1654 413 1719 δ’
439 1651 482 1739 ήν
504 1668 574 1732 τοῖς
602 1655 637 1721 έν
664 1664 703 1740 τή
731 1657 837 1740 κώμη,
865 1653 920 1720 καὶ
947 1669 1132 1743 περιχαρεῖς

117 1760 286 1844 ἐγένοντο·
310 1761 436 1848 θέρους
458 1764 520 1848 γὰρ
545 1763 614 1849 ώρᾳ
637 1763 757 1839 πάντες
776 1761 828 1828 ἐπὶ
847 1761 908 1845 τήν
929 1764 1163 1848 συγκομιδήν15

117 1880 185 1934 τῶν
213 1881 351 1957 καρπῶν
379 1868 415 1935 έν
441 1881 515 1947 ταῖς
541 1870 700 1955 ἀρούραις
727 1868 943 1955 ὑπάρχοντες,
972 1869 1018 1945 ώς
1047 1866 1132 1935 εἶδον

116 1976 178 2058 τήν
201 1981 359 2062 κιβωτόν,
386 1975 446 2061 ὑφ’
472 1977 595 2061 ἡδονῆς
622 1974 824 2061 ἁρπαγέντες
849 1972 905 2040 καὶ
932 1971 1080 2060 τοῦργον
1102 1975 1133 2040 έκ

116 2091 184 2144 τῶν
211 2094 333 2167 χειρῶν
360 2079 501 2164 ἀφέντες
528 2083 673 2167 ἔδραμον
701 2081 805 2158 εὐθύς
832 2079 885 2146 ἐπὶ
911 2081 974 2163 τήν
1000 2081 1134 2165 ἅμαξαν.

117 2185 203 2267 <15>
226 2183 282 2248 καὶ
306 2189 506 2263 καθελόντες
523 2187 584 2268 τήν
603 2189 746 2269 κιβωτὸν
768 2184 880 2252 καὶτὸ
898 2188 1002 2270 άγγος
1022 2189 1040 2254 ὃ
1060 2192 1135 2264 τοὺς

118 2289 319 2375 ἀνδριάντας
342 2287 408 2374 είχε
431 2289 486 2354 καί
509 2294 587 2368 τοὺς
610 2300 683 2375 μῦς,
706 2291 861 2358 τιθέασιν
888 2292 944 2358 ἐπί
966 2317 1060 2372 τινος
1083 2295 1135 2362 πέ-
1148 2307 1168 2347 ²⁰

117 2419 207 2479 τρας,
231 2395 303 2477 ήτις
324 2391 368 2480 ήν
391 2395 428 2461 ἐν
450 2406 496 2483 τῷ
514 2398 629 2485 πεδίςο,
651 2394 707 2462 καὶ
728 2399 893 2476 θύσαντες
915 2405 1076 2487 λαμπρῶς
1093 2412 1136 2490 τῷ

118 2509 187 2590 θεῷ
206 2499 262 2567 καὶ
280 2500 569 2587 κατευωχηθέντες
590 2504 652 2586 τήν
672 2500 708 2567 θ’
730 2502 857 2588 άμαξαν
880 2504 935 2570 καί
958 2510 1038 2584 τοὺς
1057 2513 1137 2592 βοῦς

119 2610 370 2676 ὡλοκαύτωσαν.
415 2609 471 2676 καὶ
494 2608 585 2676 ταῦτ’
608 2612 736 2689 ἰδόντες
759 2612 793 2676 οί
814 2622 881 2676 τῶν
900 2616 1138 2680 Παλαιστινῶν

118 2719 274 2804 άρχοντες
300 2719 505 2806 ἀνέστρεψαν
528 2720 643 2786 ὀπίσω.

86 2838 103 2886 4
185 2827 273 2905 <16>
298 2826 380 2909 ὀργή
409 2822 446 2888 δὲ
472 2824 528 2889 καὶ
555 2829 652 2907 χόλος
679 2833 739 2888 τοῦ
762 2830 846 2888 θεοῦ
874 2821 1020 2907 μέτεισιν
1044 2827 1174 2911 ἑβδοΛ5

118 2929 266 3012 μήκοντα
287 2940 356 2992 τῶν
380 2928 415 2992 έκ
437 2938 496 3010 τῆς
519 2929 702 3013 Βηθσάμης
728 2929 839 3013 κώμης
866 2930 925 3007 οὓς
952 2932 1013 2996 οὐκ
1041 2936 1140 3012 ὄντας

120 3034 233 3113 ἀξίους
265 3034 416 3110 ἅψασθαι
447 3042 505 3116 τής
536 3037 680 3117 κιβωτοῦ
707 3032 822 3122 (ἱερεῖς
853 3038 916 3120 γὰρ
949 3038 1010 3102 οὐκ
1037 3034 1138 3128 ήσαν)

118 3142 174 3206 καί
201 3143 450 3225 προσελθόντας
477 3139 559 3224 αὐτή
587 3141 700 3224 βαλὼν
727 3139 927 3207 ἀπέκτεινεν.
974 3147 1140 3213 ἔκλαυσαν

114 3243 157 3310 δὲ
176 3257 280 3312 ταῦτα
299 3248 469 3322 παθόντας
488 3245 610 3322 αὐτοὺς
632 3247 668 3311 οί
683 3258 841 3333 κωμῆται,
864 3247 919 3313 καὶ
940 3249 1068 3329 πένθος
1086 3252 1136 3318 ἐπ’

121 3351 234 3428 αὐτοῖς
256 3349 343 3439 ήραν
366 3345 440 3419 οἷον
463 3352 550 3427 είκὸς
573 3350 626 3417 ἐπὶ
648 3354 845 3444 θεοπέμπτςο
869 3365 973 3442 κακῷ,
1000 3356 1056 3422 καὶ
1079 3362 1139 3424 τὸν
1152 3375 1175 3414 ³⁰

192 3472 547 3544 ςιειιΒεςγΙω.
