2400 3840
92 150 159 191 ,ω
467 124 741 178 εναειοοοοιεε

93 300 221 376 πικρῶς
248 286 305 354 καὶ
333 287 395 370 τήν
418 286 524 372 ὀργήν
547 284 710 371 ἐτήρησαν
733 284 779 361 ὡς
799 282 1006 370 πέμψαντος
1029 285 1095 352 αὐτ.

95 399 154 461 τὸυ
184 392 236 461 ἐπὶ
265 407 334 461 τῶν
362 397 480 480 φόρων
506 390 713 478 Ἀδώραμον,
740 391 797 457 ἵνα
823 391 1055 479 καταπραΰνῃ
1079 417 1103 458 κι

97 503 306 584 συγγνόντας
329 511 401 576 τοῖς
423 496 620 583 εἰρημένοις,
644 503 678 562 εί
695 521 728 564 τι
745 494 909 583 προπετὲς
927 499 1000 564 ὑπὸ
1019 502 1112 582 υεότη

96 630 152 683 τος
174 603 230 671 καὶ
255 606 422 671 δύσκολον
444 598 488 687 ἦν
511 602 548 669 ἐν
570 603 695 687 αὐτοῖς,
717 605 840 689 ποιήση
859 604 1118 692 μαλακωτέρους

93 713 154 797 οὐχ
177 711 371 797 ὑπέμειναν,
399 709 483 777 ἀλλὰ
510 709 690 794 βάλλοντες
713 707 817 776 αὐτὸν
838 713 960 789 λίθοις
984 711 1125 778 ἀπέκτει-

100 843 174 884 υαυ.
213 819 323 903 <221>
347 814 437 882 τοῦτ’
463 818 547 883 ίδδιν
567 813 758 901 Ῥοβόαμος,
778 813 835 883 καὶ
857 819 1008 901 νομίσας
1031 820 1129 885 αὑτὸν

99 929 285 1010 βεβλῆσθαι
319 933 390 999 τοϊς
423 925 535 999 λίθοις
566 911 618 998 οἷς
648 922 709 986 τὸν
737 917 907 1005 ὑπηρέτην
934 920 1129 989 ἀπέκτεινεν

96 1031 200 1096 αὐτοῦ
224 1029 261 1094 τὸ
285 1033 426 1111 πλῆθος,
449 1027 563 1104 δείσας
583 1025 632 1111 μή
651 1024 707 1091 καὶ
725 1028 811 1116 έργφ
829 1026 927 1112 πάθη
946 1030 990 1095 τὸ
1010 1031 1128 1111 δεινόν,

98 1136 214 1220 ἐπιβὰς
237 1133 342 1211 εὐθὺς
361 1130 413 1218 ἐφ’
437 1135 584 1219 ἅρματος
604 1134 730 1218 ἔφυγεν
749 1134 802 1209 είς·
811 1130 1045 1221 Ἱεροσόλυμα.
1079 1133 1128 1202 καὶ

97 1242 117 1326 ή
155 1237 218 1327 μὲν
248 1238 357 1308 Ἰούδα
390 1240 480 1324 φυλή
512 1236 569 1305 καὶ
599 1237 621 1322 ή
650 1242 846 1323 Βενιαμῖτις
872 1251 1128 1327 χειροτονοῦσιν
1138 1255 1158 1297 ¹⁰

104 1348 208 1415 αὐτὸν
240 1345 393 1433 βασιλέα,
425 1346 463 1412 τὸ
495 1342 526 1409 δ’
557 1345 638 1410 όλλο
668 1351 800 1429 πλῆθος
826 1341 884 1428 ἀπ’
915 1344 1053 1433 ἐκείνης
1078 1359 1129 1433 τής

105 1454 230 1542 ἡμέρας
251 1465 319 1520 τῶν
336 1451 492 1519 Δαυίδου
514 1450 645 1516 παίδων
667 1449 816 1518 ἀποστὰν
835 1452 896 1518 τὸν
916 1449 1128 1542 Ἱεροβόαμον

104 1558 254 1638 ἀπέδειξε
279 1569 346 1624 τῶν
368 1557 572 1643 πραγμάτων
594 1557 722 1644 κύριον.
763 1557 873 1642 <222>
896 1562 1080 1647 Ροβόαμος
1100 1560 1125 1626 δ’
1181 1592 1184 1645 j

99 1666 118 1733 ό
137 1670 344 1748 Σολομῶνος
366 1675 455 1747 παῖς,
481 1661 657 1746 ἐκκλησίαν
678 1664 819 1746 ποιήσας
838 1674 907 1729 τῶν
927 1666 993 1732 δύο
1013 1674 1129 1753 φυλῶν
1182 1660 1183 1663 “

100 1772 139 1852 ἃς
159 1767 245 1857 εἶχεν
264 1770 445 1854 ὑπηκόους,
470 1761 541 1847 οἷός
559 1766 588 1835 τ’
608 1762 652 1852 ήν
670 1769 785 1853 λαβὼν
801 1769 1034 1844 ὀκτωκαίδεκα
1052 1772 1156 1861 παρ’ῑῠ

102 1880 213 1946 αὐτῶν
242 1885 384 1965 στρατοῦ
412 1875 577 1962 μυριάδας
600 1873 791 1954 ἐπιλέκτους
814 1873 967 1954 ἐξελθεῖν
989 1879 1050 1947 ἐπὶ
1072 1882 1125 1948 τὸν
1186 1935 1187 1940 ,

102 1985 315 2074 Ἱεροβόαμον
341 1981 397 2049 καὶ
424 1984 484 2050 τὸν
507 1984 605 2066 λαόν,
632 1981 722 2059 ὅπως
743 1977 931 2066 πολεμήσας
955 1983 1125 2071 ἀναγκόσγ

97 2094 275 2158 ,δουλεύειν
296 2091 394 2177 αὐτῷ.
432 2089 542 2172 <223>
563 2085 729 2164 κωλυθεὶς
748 2084 782 2153 δ’
801 2088 866 2154 ὑπὸ
884 2096 946 2154 τοῦ
965 2097 1056 2159 θεοῦ
1074 2093 1125 2159 διδ

102 2204 163 2260 τοῦ
185 2197 361 2280 προφήτου
382 2195 589 2275 ποιήσασθαι
607 2193 669 2276 τήν
687 2197 863 2281 στρατείαν
881 2193 936 2281 (οὐ
954 2199 1021 2286 γὰρ
1042 2196 1125 2266 εἶναι

102 2300 234 2364 δίκαιον
251 2301 330 2374 τοὺς
343 2298 536 2381 ὁμοφύλους
549 2303 707 2382 πολεμεῖν
721 2295 818 2379 οὗτος
831 2303 934 2386 ἔλεγε,
952 2301 1011 2373 καὶ
1023 2315 1125 2372 ταῦτα
1135 2316 1156 2358 ²⁰

101 2405 184 2470 κατὰ
208 2404 270 2486 τὴν
292 2413 353 2469 τοῦ
377 2410 462 2469 θεοῦ
487 2406 683 2490 προαίρεσιν
704 2414 764 2490 τῆς
786 2415 847 2474 τοῦ
868 2410 1024 2491 πλήθους
1044 2411 1124 2479 ἀπο·

103 2510 247 2589 στάσεως
269 2506 503 2598 γεγενημένης)
530 2510 592 2577 οὐκ
616 2508 786 2596 ἐπεξῆλθε.

170 2618 280 2705 <224>
294 2621 493 2706 διηγήσομαι
512 2616 550 2685 δὲ
570 2629 705 2707 πρῶτον
723 2619 785 2685 ὅσα
799 2617 1008 2707 Ἱεροβόαμος
1026 2622 1124 2690 ὁτῶν

102 2727 315 2816 Ἰσραηλιτῶν
337 2732 493 2813 βασιλεὺς
516 2727 666 2814 ἔπραξεν,
690 2721 759 2792 εἶτα
782 2721 820 2790 δὲ
838 2728 968 2795 τούτων
987 2727 1124 2815 ἐχόμενα

106 2838 146 2902 τὰ
168 2836 233 2902 ὑπὸ
254 2834 434 2921 Ῥοβοάμου
456 2843 517 2901 τοῦ
539 2845 607 2900 τῶν
631 2835 693 2900 δόο
715 2839 834 2919 φυλῶν
852 2833 1017 2917 βασιλέως
1034 2848 1157 2920 γεγε-ε5

107 2940 233 3027 υημένα
252 2942 458 3024 δηλώσομεν·
478 2943 667 3023 φυλαχθείη
686 2940 749 3025 γὰρ
768 2937 810 3006 δν
829 2937 934 3017 οὕτως
952 2942 1030 3027 ἄχρι
1043 2965 1124 3009 παν·

107 3050 164 3125 τὸς
186 3054 245 3130 τῆς
268 3047 415 3130 ίστορίας
437 3046 474 3110 τὸ
498 3044 665 3109 εὔτακτον.
1189 3092 1190 3123 3

176 3151 285 3235 <225>
308 3150 326 3217 ὁ
349 3152 467 3215 τοίνυν
486 3146 693 3232 Ἱεροβόαμος
716 3152 936 3236 οἰκοδομήσας
954 3156 1125 3236 βασίλειον
1189 3170 1191 3244 '3

109 3258 146 3324 ἐν
179 3260 303 3342 Σικίμη
337 3259 446 3339 πόλει,
484 3253 521 3320 έν
551 3253 654 3337 ταότη
683 3255 745 3338 τήν
773 3258 906 3324 δίαιταν
933 3253 1012 3342 εἶχε·
1047 3275 1125 3326 ’κατ-

112 3364 266 3429 εσκεύασε
287 3359 324 3428 δὲ
347 3359 402 3427 καὶ
426 3359 463 3426 έν
483 3357 642 3442 Φανουήλ
663 3360 758 3425 πόλει
781 3363 952 3451 λεγομένη.
987 3363 1059 3450 μετ’
1084 3364 1161 3432 οὐκ

183 3477 815 3550 5220=3Reg.X1118;2Paral.X18.
1197 3456 1198 3459 ‘
