2400 3840
85 145 126 209 12
454 145 727 197 εΡΧωοΛοΓιεΣ

83 305 138 373 καὶ
168 305 246 391 παρ’
277 307 379 372 αὐτὸν
407 307 555 391 βαδίζειν
582 304 870 390 συμβουλεύοντος
897 302 1105 386 (γνώσεσθαι

84 416 147 499 γὰρ
170 412 248 499 παρ’
275 415 378 479 αὐτοῦ
401 415 438 478 τὸ
461 410 537 497 περὶ
555 423 623 477 τῶν
641 413 730 477 ύνων
748 407 868 496 τέλος),
891 407 996 476 οὐδὲν
1020 414 1106 495 ἔχειν

84 519 312 606 πορευθέντας
339 516 430 586 εἶπεν
458 516 532 584 ἀντὶ
559 528 618 602 τῆς
644 521 848 603 προφητείας
875 516 893 582 δ
920 516 979 582 καὶ
1003 518 1105 602 παροί-

85 644 208 712 σχωσιν
250 628 352 714 αὐτῷ·
398 632 603 691 κεκενῶσθαι
642 625 705 709 γὰρ
741 625 805 707 ήδη
841 634 911 689 τῶν
949 622 1104 708 ἐφοδίων.

85 735 171 817 <48>
199 743 259 800 τοῦ
287 731 318 798 δ’
345 731 475 798 οἰκέτου
502 730 660 817 τέταρτον
688 732 777 819 αὐτῷ
803 742 961 815 παρεῖναι
991 735 1127 797 σίκλου5

85 843 254 926 φήσαντος
281 837 335 904 καὶ
359 849 457 905 τοῦτο
481 840 603 904 δώσειν
627 837 705 922 (ὑπὸ
729 838 793 922 γὰρ
815 837 955 921 ἀγνοίας
977 847 1039 903 τοῦ
1064 838 1104 922 μή

85 947 268 1032 λαμβάνειν
290 946 349 1010 τὸν
371 929 547 1032 προφήτην
570 946 696 1030 μισθὸν
719 941 936 1030 ἐπλανῶντο),
966 948 1105 1030 παραγί-

86 1076 217 1133 νονται,
246 1049 301 1117 καὶ
325 1053 408 1137 πρὸς
430 1063 502 1128 ταῖς
524 1053 645 1128 πύλαις
668 1052 899 1136 περιτυχόντες
922 1050 1105 1137 παρθένοις

87 1155 139 1242 ἐφ’
165 1157 257 1244 ύδωρ
286 1159 498 1244 βαδιζούσαις
526 1156 694 1242 ἐρωτῶσιν
724 1158 825 1234 αὐτὰς
847 1166 908 1222 τοῦ
930 1159 1104 1243 προφήτου

86 1264 147 1348 τήν
165 1267 283 1331 οίκίαν.
321 1268 358 1329 αἳ
374 1260 412 1329 δὲ
430 1267 640 1348 σημαίνουσι,
660 1260 715 1328 καί
735 1264 892 1329 σπεύδειν
909 1265 1104 1349 παρεκελεύ-
1116 1280 1135 1319 1⁰

87 1388 187 1437 σαντο
214 1370 295 1457 πρὶν
323 1371 425 1436 αὐτὸν
449 1372 496 1446 είς
517 1370 555 1434 τὸ
580 1369 718 1435 δεῖπνον
739 1376 997 1453 κατακλιθῆναι·
1030 1377 1104 1436 πολ-

87 1480 167 1554 λοὺς
189 1479 252 1563 γὰρ
277 1475 405 1559 ἑστιᾶν,
431 1474 487 1542 καὶ
510 1479 833 1562 προκατακλίνεσθαι
861 1487 930 1541 τῶν
951 1476 1104 1563 κεκλημέ-

87 1608 165 1649 νων.
198 1584 286 1668 <49>
304 1584 322 1650 ὁ
342 1579 380 1648 δὲ
403 1584 601 1667 Σαμούηλος
620 1583 676 1646 διδι
693 1591 792 1648 τοῦτο
811 1586 957 1660 πολλοὺς
975 1582 1030 1649 ἐπὶ
1049 1584 1106 1666 τήν

88 1687 201 1756 ἑστίαν
223 1693 297 1755 τότε
321 1689 500 1773 συνήγαγε·
530 1687 676 1778 δεομένω
706 1690 770 1774 γὰρ
792 1690 874 1754 κατδι
896 1697 1011 1755 πᾶσαν
1033 1687 1107 1775 ήμέ·

88 1822 152 1883 ραν
175 1797 263 1885 αὐτῷ
297 1805 357 1862 τοῦ
389 1803 474 1862 θεοῦ
503 1807 676 1881 προειπεῖν
702 1799 778 1860 τίνα
804 1796 935 1877 ποιήσει
959 1795 1107 1880 βασιλέα,
1119 1811 1140 1851 1⁵

88 1914 126 1990 τη
149 1905 365 1991 παρελθούσῃ
384 1911 504 1968 τοῦτον
522 1903 731 1986 μηνύσαντος
750 1900 907 1988 (πέμψειν
924 1902 989 1988 γὰρ
1010 1903 1109 1978 αὐτός

88 2034 162 2076 τινα
186 2015 362 2077 νεανίσκον
386 2009 421 2074 ἐκ
444 2019 502 2094 τῆς
524 2008 758 2100 Βενιαμίτιδος
776 2013 885 2092 φυλῆς
907 2010 990 2073 κατδι
1009 2011 1109 2092 τήνδε

88 2116 149 2198 τήν
177 2117 281 2203 ὥραν)
312 2117 411 2192 αὐτὸς
442 2111 503 2199 μὲν
537 2113 590 2180 ἐπὶ
617 2123 677 2180 τοῦ
711 2115 861 2200 δώματος
886 2118 1110 2200 καθεζόμενος

90 2218 252 2304 ἐξεδέχετο
276 2222 335 2286 τὸν
358 2222 476 2305 καιρὸν
498 2218 668 2303 γενέσθαι,
691 2220 928 2307 πληρωθέντος
951 2220 983 2286 δ’
1005 2224 1110 2288 αὐτοῦ

88 2327 232 2411 καταβὰς
256 2324 308 2392 ἐπὶ
331 2327 368 2391 τὸ
393 2327 531 2391 δεῖπνον
559 2325 742 2412 ἐπορεύετο.
787 2328 875 2412 <50>
898 2339 1049 2416 συναντᾷ
1073 2326 1109 2394 δὲ
1123 2346 1145 2386 20

89 2441 133 2519 τῷ
157 2433 317 2521 Σαούλῳ,
344 2429 399 2497 καὶ
427 2431 445 2498 ὁ
468 2434 549 2509 θεὸς
572 2432 660 2521 αὐτῷ
691 2436 844 2518 σημαίνει
872 2442 994 2500 τοῦτον
1022 2432 1109 2502 εἶναι

88 2540 148 2604 τὸν
180 2538 291 2626 ἄρξειν
321 2538 493 2624 μέλλοντα.
539 2540 693 2618 Σύουλος
723 2536 760 2605 δὲ
788 2544 940 2626 πρόσεισι
969 2551 1015 2629 τῷ
1040 2548 1109 2607 Σα-

90 2648 235 2738 μουήλφ,
257 2646 312 2714 καί
335 2648 606 2735 προσαγορεύσας
630 2647 735 2714 ἐδεῖτο
755 2648 895 2733 μηνύειν
916 2647 978 2731 τήν
997 2650 1109 2714 οίκίαν

89 2765 149 2821 τοῦ
163 2757 350 2841 προφήτου·
371 2755 463 2833 ξένος
480 2757 544 2840 γὰρ
564 2756 611 2820 ὢν
630 2754 765 2836 ἀγνοεῖν
785 2756 916 2838 ἔφασκε.
947 2756 1032 2836 (51)
1048 2765 1108 2820 τοῦ

90 2857 127 2924 δὲ
146 2862 350 2943 Σαμουήλου
369 2861 559 2946 φράσαντος
579 2860 682 2925 αύτδν
701 2855 798 2941 εἶναι,
820 2858 876 2924 καὶ
894 2841 1035 2943 ίίγοντος
1054 2860 1107 2928 ἐπὶ
1122 2877 1145 2917 2⁵

90 2966 126 3030 τὸ
151 2965 287 3029 δεῖπνον
316 2965 360 3040 ὡς
387 2976 455 3029 τῶν
482 2968 571 3031 ὄνων
600 2962 653 3050 ἐφ’
679 2960 727 3030 ὧν
750 2965 811 3047 τήν
835 2967 968 3049 ζήτησιν
992 2966 1108 3053 ἐκπεμ-

90 3076 194 3157 φθείη
228 3067 459 3153 σεσωσμένων,
491 3070 531 3134 τοί
563 3093 598 3135 τε
630 3070 730 3136 πάντ’
761 3070 873 3154 ἀγαθὰ
901 3075 989 3156 ἔχειν
1017 3074 1107 3163 αὐτῷ

89 3177 316 3265 κεκυρωμένα,
343 3177 518 3260 ὑποτυχών
546 3175 635 3243 “ύλλ’
661 3177 784 3260 ήττων’
814 3173 905 3243 εἶπεν
929 3178 1026 3262 ξἐγώ,
1054 3180 1107 3245 δέ-

90 3299 204 3366 σποτα,
236 3285 356 3367 ταύτης
385 3292 443 3367 τής
471 3282 618 3367 ἐλπίδος,
649 3283 705 3350 καὶ
733 3292 843 3370 φυλής
866 3285 1104 3372 μικροτέραςή

89 3389 244 3472 βασιλέας
266 3403 387 3474 ποιεῖν,
408 3387 464 3455 καὶ
486 3399 626 3475 πατριᾶς
648 3390 880 3476 ταπεινοτέρας
902 3402 969 3456 τῶν
992 3392 1105 3458 ἄλλων
1118 3408 1144 3447 ³⁰

160 3511 389 3582 §48-1Reg.
408 3511 447 3566 IX
463 3517 487 3566 8.

296 3744 415 3778 -n
481 3760 494 3777 ι
