2400 3840
559 142 684 194 οοΔοΗ
1064 147 1127 210 211

112 299 223 383 ε’σχετο
243 300 401 384 διάδοχον
419 303 572 384 ποιήσειν
592 301 732 386 ἐκείνου,
750 304 860 389 <198>
874 308 1130 389 τελευτήσαντος

111 404 147 471 δὲ
175 409 234 473 τὸν
257 407 333 471 υίὸν
357 407 461 473 αὐτοῦ
483 416 587 473 ταῦτα
610 409 802 495 διαθήσειν,
831 410 891 495 ούχ
915 412 1043 477 ἅπαντα
1067 413 1128 498 μὲν

109 515 168 577 τὸν
197 514 279 577 λαὸν
304 512 492 596 ἀποστήσας
513 515 633 600 αὐτοῦ,
662 512 741 582 δίκα
765 512 802 581 δέ
825 519 935 601 φυλάς
957 522 1128 606 παραδοὺς

109 620 212 684 αὐτοῦ
231 628 276 707 τῷ
292 620 411 710 δούλω,
432 622 493 686 δύο
508 617 545 686 δέ
559 625 664 707 μόνας
677 624 868 688 καταλιπὼν
881 633 927 711 τῷ
941 625 1053 712 υἱωνῷ
1067 636 1127 691 τοῦ

79 752 92 792 5
109 728 272 811 Δαυίδου,
292 724 337 791 δι’
355 727 457 793 αύτδν
475 727 612 813 ἐκείνου,
632 730 683 795 ότι
701 732 761 795 τὸν
774 732 858 796 θεὸν
874 730 1053 815 ήχάπησεν,
1072 730 1127 797 καὶ

108 835 163 897 διά
186 835 247 916 τήν
270 836 369 899 πόλιν
389 831 611 919 Ἱεροσόλυμα,
633 834 671 900 ἐν
691 830 713 921 ή
731 837 815 901 ναὸν
834 837 922 920 ἔχειν
946 835 1125 920 ἐβουλήθη.

173 942 283 1025 <199>
302 938 394 1006 ταῦτ’
414 940 558 1019 ἀκούσας
573 943 738 1026 Σολομὼν
756 943 879 1025 ήλχησε
896 939 951 1007 καὶ
970 946 1126 1030 σφοδρῶς
1145 965 1160 1013 6

106 1050 288 1132 συνεχύθη,
311 1047 447 1114 πάντων
469 1048 559 1137 αύτςῦ
583 1050 703 1133 σχεδὸν
726 1061 793 1115 τῶν
816 1049 972 1133 άχαθῶν,
995 1048 1048 1134 ἐφ’
1075 1042 1126 1127 οἷς

107 1157 248 1238 ζηλωτὸς
279 1148 336 1239 ἦν,
370 1158 417 1232 είς
448 1156 635 1240 μεταβολήν
663 1154 851 1242 ἐρχομένων
878 1157 1038 1241 πονηράν.
1084 1156 1125 1221 οὐ

63 1286 89 1325 10
105 1264 210 1338 πολὺς
240 1257 277 1327 δὲ
305 1263 425 1346 διήλθε
451 1265 571 1348 χρόνος
599 1260 658 1346 ἀφ’
688 1258 729 1328 οὗ
756 1265 971 1346 κατήγγειλεν
999 1263 1017 1328 ὁ
1045 1285 1124 1348 προ-

107 1369 215 1451 φήτης
236 1369 323 1457 αύτῷ
346 1369 387 1434 τά
410 1372 659 1454 συμβησόμενα,
683 1367 739 1435 καὶ
761 1368 921 1454 πολέμιον
945 1366 994 1433 ἐπ’
1022 1368 1124 1433 αὐτὸν

106 1473 211 1552 εὐθὺς
227 1471 361 1562 ήχειρεν
380 1476 397 1543 ὁ
416 1479 506 1560 θεός,
519 1475 661 1562 ’Ἇδερον
679 1473 741 1561 μέν
755 1478 870 1562 ὄνομα,
889 1476 950 1559 τήν
965 1473 995 1540 δ’
1013 1476 1124 1540 αἰτίαν

103 1588 163 1664 τῆς
191 1583 314 1669 ἔχθρας
337 1586 482 1667 λαβόντα
505 1584 672 1668 τοιαύτην.
718 1585 828 1669 <200>
850 1589 929 1661 παίς
951 1576 1049 1658 οὗτος
1070 1576 1123 1665 ήν,

106 1689 287 1773 Ιδουμαῖος
310 1686 417 1773 γένος,
441 1687 476 1754 ἐκ
499 1693 681 1773 βασιλικῶν
704 1689 909 1775 σπερμάτων.
947 1705 1123 1772 καταστρε-

59 1817 86 1856 15
102 1793 254 1879 ήαμένου
279 1792 316 1860 δὲ
334 1795 395 1885 τήν
412 1791 601 1881 Ἰδουμαίαν
617 1793 754 1879 Ἰωάβου
772 1804 832 1861 τοῦ
852 1796 1007 1860 Δαυίδου
1026 1811 1123 1879 στρα-

102 1910 217 1986 τηγοῦ,
240 1899 296 1966 καὶ
318 1901 444 1980 πάντας
466 1904 545 1979 τοὺς
568 1899 605 1966 ἐν
628 1901 713 1987 ἀκμή
736 1898 791 1966 καὶ
815 1899 932 1986 φέρειν
956 1901 1041 1965 ὅπλα
1064 1901 1122 1964 δυ-

102 2006 270 2093 ναμένους
293 2008 555 2096 διαφθείραντος
578 2004 678 2093 μησὶν
699 2006 743 2091 ἕξ,
766 2010 869 2092 μόνος
887 2000 984 2084 οὗτος
1003 2007 1122 2090 φυγὼν

101 2109 160 2197 ἧκε
179 2117 263 2202 πρὸς
281 2117 340 2181 τὸν
359 2119 526 2202 Φαραῶνα
545 2117 605 2182 τὸν
618 2117 815 2198 Αίχυπτίων
834 2110 979 2198 βασιλέα.
1011 2112 1122 2196 <201>

103 2221 121 2286 δ
150 2218 188 2286 δὲ
215 2226 432 2308 φιλοφρόνως
459 2223 562 2288 αὐτὸν
589 2220 833 2308 ὑποδεξάμενος
860 2215 953 2286 οἶκόν
976 2217 1005 2284 τ’
1032 2219 1121 2307 αύτῷ

58 2348 87 2388 20
103 2328 222 2393 δίδωσι
254 2326 310 2394 καὶ
341 2331 453 2416 χώραν
484 2331 531 2407 είς
559 2330 760 2415 διατροφήν,
791 2326 846 2394 καὶ
874 2330 1056 2412 γενόμενον
1084 2325 1120 2391 ἐν

101 2434 214 2521 ἡλικίᾳ
241 2438 318 2501 λίαν
343 2436 468 2520 ήγάπα,
496 2436 542 2513 ὡς
564 2434 619 2501 καὶ
641 2445 700 2519 τῆς
723 2436 828 2501 αὑτοῦ
851 2436 1009 2518 γυναικὸς
1032 2434 1120 2520 αὐτῷ

102 2542 221 2607 δοῦναι
244 2544 328 2629 πρὸς
350 2542 458 2627 γάμον
480 2542 541 2624 τήν
564 2542 728 2625 ἀδελφήν,
756 2544 863 2624 ὄνομα
889 2542 1058 2624 Θαφίνην,
1086 2538 1119 2616 ἐξ

100 2641 141 2728 ἧς
163 2649 237 2725 υίὸς
260 2649 348 2737 αύτῷ
372 2650 550 2731 γενόμενος
572 2657 642 2722 τοῖς
665 2655 725 2710 τοῦ
748 2643 910 2729 βασιλέως
927 2641 1021 2709 παισὶ
1041 2661 1119 2709 συν-

101 2753 281 2839 ανετράφη.
322 2754 432 2838 <202>
456 2752 601 2828 άκούσας
623 2746 686 2816 οὖν
708 2752 767 2816 τὸν
790 2743 944 2815 Δαυίδου
967 2749 1119 2814 θάνατον

57 2878 85 2919 νε
101 2857 139 2923 ἐν
165 2860 324 2949 Αἰγύπτῳ
352 2857 408 2924 καὶ
435 2860 494 2925 τὸν
519 2856 671 2941 Ἰωάβου,
699 2856 897 2942 προσελθὼν
925 2852 1030 2920 ἐδεῖτο
1058 2864 1118 2921 τοῦ

103 2969 287 3052 Φαραῶνος
315 2964 501 3051 ἐπιτρέπειν
529 2965 618 3052 αύτῷ
641 2964 788 3050 βαδίζειν
812 2965 859 3039 είς
882 2962 943 3045 τήν
965 2962 1117 3047 πατρίδα.

97 3081 160 3138 τού
189 3070 226 3137 δὲ
254 3070 416 3157 βασιλέως
442 3072 679 3157 άνακρίνοντος
706 3072 798 3146 τίνος
825 3068 939 3150 ἐνδεής
967 3069 1014 3132 ὢν
1041 3066 1062 3150 ή
1085 3070 1120 3132 τί

97 3182 221 3244 παθὼν
245 3179 428 3245 ἐσπούδακε
444 3185 638 3246 καταλιπεῖν
657 3178 770 3260 αὐτόν,
795 3175 940 3260 ἐνοχλῶν
958 3174 1116 3252 πολλάκις

97 3283 154 3350 καὶ
178 3292 379 3371 παρακαλῶν
402 3289 475 3351 τότε
494 3283 554 3371 μὲν
573 3285 634 3350 ούκ
652 3284 789 3368 άφείθη,
814 3282 923 3366 <203>
942 3278 1012 3346 κατ’
1035 3279 1115 3345 ἐκεί-

54 3410 83 3450 30
97 3416 160 3457 νον
190 3389 227 3456 δὲ
254 3394 314 3457 τὸν
340 3394 458 3479 καιρὸν
484 3390 562 3457 καθ’
589 3391 628 3456 ὃν
656 3391 719 3472 ήδη
745 3393 922 3473 Σολομῶνι
949 3389 989 3452 τά
1011 3387 1115 3473 πράχ-

171 3519 254 3579 §198
274 3540 307 3558 =
327 3513 426 3582 σῶος.
446 3513 485 3567 XI
501 3520 540 3569 12.

922 3597 982 3652 Ἄ*
