2400 3840
501 137 659 212 Ιεεεοωεε
1023 136 1087 201 123

63 314 124 388 τῆς
147 314 208 389 σῆς
226 330 282 390 μοι
303 302 323 392 ᾗ
342 310 610 392 φιλανθρωπίας,
632 317 678 396 τῷ
697 317 821 374 σαυτοῦ
839 307 934 374 παιδὶ
952 320 1086 396 πρῶτον

65 412 295 495 καταλλάγηθι
318 413 373 478 καὶ
396 414 459 495 την
480 416 563 498 πρὸς
586 415 689 480 αὐτὸν
712 416 817 501 ὀργὴν
839 416 930 499 άφες.
977 416 1085 499 <185>

62 527 135 594 πῶς
162 519 225 602 γὰρ
253 517 296 582 άν
318 523 494 602 πεισθείην
523 518 598 605 ἐμοί
618 536 655 585 σε
677 522 802 603 ταύτην
825 521 960 603 άληθῶς
983 523 1085 587 δεδω-

61 623 156 688 κέναι
183 625 246 706 την
277 625 389 712 χάριν,
422 626 526 691 αὐτοῦ
559 643 621 691 σου
651 625 748 713 μέχρι
780 636 845 693 νῦν
873 627 926 712 ἐφ’
957 629 1084 713 ὁμοίοις

31 729 340 816 σάπεχθανομένου
362 742 407 822 τῷ
430 732 552 811 παιδί;’
575 731 694 810 τελέως
717 731 748 797 δ’
770 733 812 799 άν
835 734 979 817 άνόητον
998 730 1083 800 εἶναι

57 846 107 925 τῷ
120 839 210 923 παρά
224 840 361 924 γνώμην
375 839 583 905 ἀποθανόντι
600 855 665 905 σου
683 841 746 927 υίῷ
761 841 864 905 άλλον
882 848 1082 925 προσθεῖναι
1150 910 1155 918 ,

60 942 230 1021 ἑκουσίως.
276 945 395 1028 <186>
425 949 559 1029 συνίησι
592 943 623 1009 δ’
656 945 674 1011 ὁ
707 949 862 1029 βασιλεὺς
892 948 1082 1032 ὑπόβλητον

58 1045 167 1115 οὖσαν
189 1053 251 1134 την
275 1060 397 1135 σκῆψιν
420 1051 453 1129 ἐξ
475 1050 611 1136 Ἰωάβου
633 1050 689 1115 καὶ
706 1060 766 1135 τῆς
783 1053 904 1117 τούτου
924 1055 1082 1137 σπουδῆς,

58 1168 116 1221 καί
132 1156 244 1242 ἐπειδὴ
261 1159 350 1244 παρά
367 1167 427 1242 τῆς
444 1160 664 1244 πρεσβύτιδος
678 1160 870 1243 πυθόμενος
885 1159 991 1237 οὕτως
1005 1162 1082 1244 ἔχον

16 1280 45 1319 10
58 1259 205 1344 τάληθὲς
222 1266 338 1349 ἔμαθε,
360 1265 668 1350 προσκαλεσάμενος
685 1266 746 1330 τὸν
761 1262 896 1348 Ἰώαβον
915 1264 1081 1349 ἐπιτυχεῖν

59 1391 95 1432 τε
118 1377 179 1432 τοῦ
201 1368 422 1454 προκειμένου
443 1371 526 1435 κατδι
544 1379 629 1435 νοῦν
652 1372 775 1453 ἔφασκε
797 1368 852 1434 καλ
877 1369 1080 1454 τὸνἈβεσά-

59 1480 174 1558 λωμον
192 1476 286 1557 άγειν
304 1475 488 1543 ἐκέλευσεν·
512 1478 634 1563 οὐγὰρ
654 1479 702 1542 ἔτι
720 1481 869 1560 χαλεπῶς
887 1479 975 1560 ἔχειν
997 1479 1081 1564 πρὸς

58 1581 178 1664 αὐτόν,
208 1580 280 1646 ἀλλ’
306 1584 370 1667 ἤδη
393 1583 455 1667 τὴν
482 1584 586 1668 ὀργὴν
608 1580 661 1647 καὶ
687 1584 747 1648 τὸν
765 1585 878 1667 θυμὸν
898 1583 1079 1667 ἀφεικέναι.

57 1686 207 1770 <187>ὃ
232 1684 269 1753 δὲ
290 1690 523 1773 προσκυνήσας
545 1690 604 1754 τὸν
623 1686 760 1773 βασιλέα
783 1687 934 1766 καὶτοὺς
958 1694 1080 1773 λόγους

16 1810 42 1851 15
57 1794 291 1878 ἀσπασάμενος
309 1793 496 1881 ἐξώρμησεν
516 1797 563 1871 είς
580 1796 642 1878 τὴν
663 1796 860 1880 Γεθσοόραν
882 1800 1079 1880 παραυτίκα,

56 1899 114 1966 καὶ
136 1898 446 1985 τὸνἈβεσάλωμον
468 1900 670 1984 παραλαβὼν
694 1895 774 1983 ἧκεν
797 1902 845 1976 είς
858 1898 1078 1985 Ἱεροσόλυμα.

126 2007 243 2088 <188>
270 2009 466 2091 προύπεμψε
494 2004 525 2070 δ’
551 2008 742 2092 ἔμπροσθεν
769 2006 787 2072 ὁ
813 2009 968 2090 βασιλεὺς
994 2009 1112 2091 πρὸςσ

56 2116 118 2179 τὸν
140 2114 218 2178 υίὸν
241 2113 286 2190 ὡς
308 2114 430 2196 ίλκουσε
451 2115 737 2199 παραγενόμενον,
764 2110 820 2177 καλ
848 2115 931 2197 πρὸς
959 2110 1078 2179 ἑαυτὸν

58 2218 209 2285 ἐκέλευσε
236 2231 369 2305 χωρεῖν·
403 2219 494 2284 οὔπω
523 2220 586 2306 γάρ
614 2218 720 2296 οὕτως
748 2221 836 2304 ἔχειν
866 2217 943 2284 ὥστ’
975 2220 1079 2297 εὐθὺς

16 2342 42 2382 ²0
56 2328 144 2391 ἰδεῖν
167 2329 381 2392 κατελθόντα.
421 2324 476 2390 καὶ
495 2325 513 2391 ὃ
532 2324 605 2411 μέν,
627 2335 725 2391 τοῦτο
743 2334 804 2391 τοῦ
825 2328 948 2412 πατρὸς
967 2328 1078 2392 κελεύ-

56 2450 188 2515 σαντος,
212 2431 354 2510 ἐξέκλινε
377 2433 438 2515 την
456 2435 536 2510 όψιν
553 2432 658 2498 αὐτοῦ
676 2431 731 2498 καλ
751 2431 888 2499 διετέλει
912 2441 970 2516 τῆς
988 2435 1077 2518 παρὰ

55 2550 124 2603 τῶν
155 2541 287 2604 οίκείων
314 2541 496 2624 θεραπείας
521 2537 710 2620 τυγχάνων,
740 2537 849 2621 <189>
878 2538 938 2603 οὐκ
966 2536 1077 2622 ἐπεβέ-

55 2647 183 2726 βλαπτο
212 2640 243 2706 δ’
273 2644 320 2718 είς
347 2643 384 2706 τὸ
411 2640 532 2717 κάλλος
556 2641 625 2704 ὑπό
653 2663 689 2704 τε
715 2648 774 2723 τῆς
800 2643 907 2723 λύπης
933 2641 989 2706 καὶ
1015 2653 1076 2707 τοῦ

55 2750 100 2832 μὴ
128 2748 307 2832 τυγχάνειν
334 2755 393 2830 τῆς
420 2747 650 2832 προσηκούσης
678 2744 863 2828 ἐπιμελείας
890 2748 953 2834 υίςό
983 2750 1077 2830 βασι-

15 2872 41 2912 25
56 2853 150 2936 λέως,
174 2851 246 2919 ἀλλ’
269 2855 316 2918 ἐτι
340 2851 441 2936 ἐξεῖχε
464 2849 519 2916 καὶ
543 2849 697 2936 διέπρεπε
719 2851 853 2916 πάντων
876 2862 921 2940 τῷ
944 2850 973 2917 τ’
996 2854 1076 2917 είδει

55 2959 111 3025 καὶ
134 2969 180 3047 τῷ
199 2957 334 3043 μεγέθει
351 2967 412 3024 τοῦ
432 2959 591 3042 σώματος,
613 2955 669 3023 καλ
687 2959 766 3033 τοὺς
784 2957 821 3023 ἐν
839 2965 945 3044 πολλῇ
965 2968 1075 3045 τρυφῇ

55 3063 298 3148 διαιτωμένους
330 3062 541 3149 ὑπερέβαλλε.
592 3071 730 3130 τοσοῦτο
762 3063 876 3149 μέντοι
906 3063 938 3149 γ’
967 3060 1011 3147 ἦν
1038 3067 1075 3131 τὸ

54 3172 164 3255 βάθος
191 3179 250 3254 τῆς
276 3173 380 3254 κόμης
402 3170 491 3258 αὐτῷ
515 3171 560 3247 ώς
582 3173 678 3255 μόλις
705 3170 809 3254 αὐτὴν
836 3168 973 3256 ἡμέραις
996 3171 1076 3237 άπο-

53 3281 180 3363 κείρειν
207 3278 307 3360 ὀκτώ,
340 3278 491 3360 σταθμὸν
519 3275 682 3342 ἕλκουσαν
709 3280 843 3352 σίκλους
871 3278 1074 3356 διακοσίους·

10 3379 150 3449 εοοῦτοι
179 3381 210 3447 δ’
241 3381 305 3448 είσλ
332 3380 430 3448 πέντε
457 3394 545 3466 μναῖ.
591 3383 700 3466 <190>
729 3380 876 3468 διέτριψε
904 3382 1018 3468 μέντοι
1042 3384 1073 3468 γ’

131 3509 214 3570 ειεε
236 3503 388 3573 =2Reg.
407 3503 472 3557 XIV
489 3510 529 3558 13.
