2400 3840
550 145 675 204 ΟΓΔΟΗ
1054 149 1118 214 249

102 315 305 397 πολιορκίας.
341 304 450 394 <373>
468 306 512 393 ἦν
531 309 562 374 δ’
578 309 721 395 Ἄχαβος
739 311 867 376 τούτων
885 308 1120 395 πραττομένων

104 418 142 483 ἐν
169 417 297 504 ἀγωνίᾳ
325 418 416 502 δεινῇ
445 420 509 482 σὺν
536 415 636 482 παντὶ
662 426 708 505 τῷ
736 424 814 505 λαῷ.
859 424 982 503 θαρρεῖ
1005 413 1043 480 δὲ
1065 415 1121 481 καὶ

102 535 172 589 τῶν
198 526 316 608 φόβων
343 523 520 588 ἀπολύεται
548 525 723 610 προφήτου
749 525 841 600 τινὸς
869 523 957 610 αὐτῷ
982 527 1120 608 προσελ-

101 633 226 705 θόντος
262 625 316 693 καὶ
354 629 522 711 φήσαντος
558 629 647 717 αὐτῷ
678 630 739 694 τὸν
769 631 854 694 θεὸν
885 628 1121 713 ὑπισχνεῖσθαι

68 737 256 818 τποιησειν
282 735 341 810 τὰς
369 735 531 811 τοσαύτας
558 745 627 800 τῶν
654 739 822 820 πολεμίων
849 735 1013 821 μυριάδας
1039 735 1121 799 ὑπο-

100 843 257 924 χειρίους.
304 841 413 924 <374>
439 838 621 929 πυθομένῳ
650 837 687 906 δὲ
715 841 771 906 διά
798 844 900 907 τίνων
927 839 970 905 ἀν
996 840 1017 923 ἡ
1044 843 1120 923 νίκη

100 945 248 1029 γένοιτο,
277 946 332 1010 διά
360 956 428 1010 τῶν
455 946 585 1010 παίδων
613 941 683 1011 εἷπε
710 957 778 1012 τῶν
805 947 993 1031 ἡγεμόνων,
1020 947 1121 1030 ἡγου

101 1050 206 1135 μένου
231 1061 292 1116 σοῦ
316 1052 372 1116 διά
394 1052 456 1134 την
479 1051 633 1137 ἀπειρίαν
655 1052 717 1135 τὴν
740 1051 885 1118 ἐκείνων.
921 1052 1061 1130 καλέσας
1083 1049 1122 1117 δέ

100 1160 182 1234 τοὺς
203 1169 271 1222 τῶν
292 1157 467 1243 ἡγεμόνων
488 1158 585 1234 υίούς
607 1149 815 1244 (ηὑρέθησαν
839 1157 869 1223 δ’
892 1158 937 1236 ὡς
955 1160 1120 1225 διακόσιοι

54 1288 84 1328 ιο
100 1260 158 1328 καλ
185 1264 361 1350 τριάκοντα
389 1260 477 1349 δύο),
504 1263 625 1347 μαθὼν
651 1265 711 1329 τὸν
733 1264 850 1350 Σύρον
871 1266 955 1350 πρὸς
978 1265 1121 1348 εὐωχίαν

101 1367 159 1434 καὶ
185 1371 300 1434 ἀνεσιν
327 1368 567 1456 τετραμμένον,
595 1367 729 1447 ἀνοίξας
753 1370 812 1446 τάς
833 1371 940 1446 πύλας
963 1367 1120 1454 ἐξέπεμψε

101 1477 182 1551 τοὺς
198 1477 328 1552 παῖδας.
362 1476 472 1560 <375>
487 1486 558 1540 ’τῶν
576 1471 613 1540 δὲ
633 1486 767 1541 σκοπῶν
785 1475 1007 1558 δηλωσάντων
1021 1485 1120 1541 τοῦτο

100 1589 148 1668 τῷ
162 1577 299 1669 Ἀδάδῳ,
317 1579 438 1666 πέμπει
452 1583 546 1657 τινάς
559 1579 863 1665 ὑπαντησομένους,
883 1580 1121 1667 ἐντειλάμενος,

100 1686 145 1750 ἀν
175 1682 236 1770 μὲν
264 1688 311 1763 είς
338 1687 447 1771 μάχην
474 1682 536 1752 ὦσι
563 1689 844 1773 προεληλυθότες,
877 1688 933 1752 ἵνα
961 1689 1121 1771 δήσαντες

54 1816 83 1856 15
101 1791 251 1874 ἀγάγωσι
282 1794 366 1879 πρὸς
397 1793 516 1875 αὑτόν,
547 1791 590 1857 ἀν
623 1789 654 1856 δ’
685 1793 872 1877 εἰρηνικῶς,
905 1793 993 1870 ὅπως
1019 1793 1120 1858 ταὺτὸ

100 1908 253 1963 ποιῶσιν.
291 1893 357 1982 εἶχε
381 1896 412 1962 δ’
434 1896 570 1983 ἑτοίμην
583 1895 727 1982 ’Ἁχαβος
746 1895 802 1962 καὶ
820 1897 882 1980 τὴν
900 1900 1005 1981 ἀλλην
1024 1915 1121 1984 στρα-

99 2005 178 2068 τιάν
206 2003 299 2082 ἐντὸς
325 2015 393 2070 τῶν
420 2015 547 2089 τειχῶν.
594 2004 629 2068 οί
655 2000 693 2068 δὲ
719 2005 836 2080 παῖδες
859 2014 926 2069 τῶν
949 2004 1121 2090 ἀρχόντων

101 2113 328 2194 συμβαλόντες
350 2123 421 2187 τοῖς
436 2109 566 2194 φύλαξι
588 2112 734 2187 πολλοὺς
757 2110 868 2175 αὐτῶν
888 2108 1120 2175 ἀποκτείνουσι

99 2213 158 2281 καὶ
176 2219 255 2293 τοὺς
273 2218 396 2293 ἀλλους
414 2217 489 2302 ἀχρι
504 2224 564 2281 τοῦ
580 2214 805 2302 στρατοπέδου
820 2217 1008 2281 διώκουσιν.
1038 2217 1121 2282 ίδὼν

55 2345 85 2385 20
101 2319 140 2388 δὲ
168 2324 309 2400 τούτους
336 2332 498 2399 νικῶντας
526 2322 544 2388 ὁ
569 2333 637 2388 τῶν
657 2321 870 2409 Ἰσραηλιτῶν
893 2325 1049 2406 βασιλεὺς
1072 2322 1120 2401 ἐξ·

101 2431 222 2512 αφίησι
248 2427 302 2493 καὶ
327 2429 389 2511 την
411 2430 516 2511 ἀλλην
539 2430 697 2515 στρατιάν
720 2430 862 2494 ἀπασαν.
907 2431 1017 2512 <376>
1041 2429 1061 2512 ἣ
1086 2427 1117 2510 δ’

101 2536 282 2618 αἰφνιδίως
310 2532 510 2599 ἐπιπεσοῦσα
537 2543 608 2610 τοῖς
634 2535 762 2619 Σύροις
790 2532 968 2619 ἐκράτησεν
995 2536 1121 2600 αὐτῶν·

101 2640 144 2704 οὐ
175 2641 238 2726 γάρ
271 2640 485 2725 προσεδόκων
514 2637 636 2714 αὐτούς
664 2636 950 2721 ἐπεξελεύσεσθαι,
981 2637 1036 2702 καλ
1065 2641 1121 2704 διά

101 2753 201 2810 τοῦτο
232 2756 371 2830 γυμνοῖς
397 2740 454 2809 καὶ
482 2743 647 2827 μεθύουσι
675 2741 920 2829 προσέβαλλον,
952 2743 1035 2807 ὥστε
1062 2745 1121 2820 τάς

57 2871 85 2912 25
101 2854 289 2927 πανοπλίας
312 2849 348 2914 ἐκ
370 2860 438 2915 τῶν
462 2846 694 2936 στρατοπέδων
712 2849 899 2931 φεύγοντας
916 2854 1120 2932 καταλιπεῖν,

100 2954 241 3022 καὶτὸν
264 2954 406 3039 βασιλέα.
425 2956 636 3038 διασωθῆναι
660 2956 755 3039 μόλις
779 2950 832 3037 ἐφ’
857 2953 961 3019 ἵππον
983 2954 1121 3036 ποιησά-

101 3086 206 3147 μενον
224 3062 286 3145 την
304 3063 426 3146 φυγήν.
457 3061 568 3144 <377>
580 3059 725 3144 ’Ἁχαβος
742 3055 780 3123 δὲ
798 3058 925 3141 πολλὴν
944 3058 1026 3125 όδδν
1044 3060 1121 3125 διιό-

100 3193 172 3234 κων
194 3171 273 3246 τοὺς
292 3170 428 3253 Σύρους
445 3168 579 3250 ἤνυσεν,
602 3167 751 3253 ἀναιρῶν
770 3165 899 3241 αύτούς.
936 3165 1121 3251 διαρπάσας
1145 3161 1148 3166 ’

102 3272 140 3339 δὲ
173 3275 213 3339 τά
246 3273 283 3339 ἐν
312 3282 350 3358 τῇ
378 3277 570 3360 παρεμβολῇ
599 3271 756 3357 (πλοῦτος
784 3269 817 3336 δ’-
840 3265 883 3355 ἦν
910 3271 971 3337 οὑκ
999 3272 1121 3356 ὀλίγος,

60 3399 87 3440 ³0
102 3381 187 3447 ἀλλά
210 3378 266 3446 καὶ
288 3388 415 3467 χρυσοῦ
438 3385 568 3464 πλῆθος
590 3376 646 3444 καλ
670 3373 844 3464 ἀργύρου),
867 3378 907 3443 τά
930 3376 966 3443 θ’
993 3379 1120 3466 ἅρματα

176 3507 259 3569 ςαε
279 3528 312 3548 =
332 3501 431 3570 σοις.
450 3499 501 3552 xx
518 3504 558 3552 13.
