2400 3840
532 194 654 245 ENATH
1032 193 1097 259 293

82 351 327 429 κατασκευάσας
349 355 525 437 θησαυρὸν
547 350 603 418 καὶ
620 355 752 430 κλείσας
769 357 991 439 πανταχόθεν,
1013 356 1100 438 ὀπὴν

83 457 120 522 έν
143 457 231 545 αὐτῷ
255 461 336 542 μίαν
359 456 514 547 ἀνέῳξεν·
539 461 650 525 ἔπειτα
672 457 748 536 θελς
771 461 818 550 είς
840 462 877 526 τὸ
902 462 993 545 ἱερὸν
1010 463 1099 545 παρὰ

81 567 140 630 τὸν
163 566 278 648 βωμὸν
301 562 472 631 ἐκέλευσεν
490 563 629 631 ἕκαστον
647 566 728 631 ὅσον
746 568 900 650 βούλεται
918 571 1034 651 βαλεῖν
1053 567 1100 643 είς

83 669 185 735 αὐτὸν
209 671 265 734 όιά
288 679 347 754 της
364 672 447 754 ὀπῆς
466 671 513 748 είς
531 671 592 754 τὴν
611 670 788 755 ἐπισκευὴν
805 681 866 737 τοῦ
884 681 977 738 ναοῦ.
1016 675 1100 758 πρὸς

57 784 181 841 ττοῦτο
204 785 268 853 πᾶς
291 776 309 842 6
332 779 412 854 λαὸς
436 771 473 842 εὗ
496 776 641 862 διετέθη,
665 775 722 843 καὶ
743 781 851 844 πολὺν
874 780 1022 865 ἀρχυρον
1044 775 1100 843 καὶ

83 883 208 966 χρυσὸν
238 884 512 968 φιλοτιμούμενοι
539 882 595 948 καλ
623 883 898 971 συνεισφέροντες
924 885 1099 969 ἤθροισαν.

84 989 201 1072 <164>
223 998 399 1067 κενοῦντες
427 987 465 1055 66
491 992 551 1056 τὸν
573 993 749 1077 θησαυρὸν
774 989 830 1057 καλ
852 993 1017 1078 παρόντος
1039 998 1099 1055 τοῦ

83 1091 244 1176 βασιλέως
266 1095 491 1181 ἀριθμοῦντες
513 1098 550 1162 τὸ
574 1095 830 1183 συνειλεγμένον
853 1097 871 1162 6
893 1120 929 1162 τε
951 1121 1100 1184 γραμμα-

82 1205 158 1278 τεὺς
183 1199 240 1266 καὶ
267 1202 285 1268 6
314 1203 421 1288 ίερεὺς
447 1212 516 1268 τών
543 1205 811 1287 γαζοφυλακίων,
841 1201 939 1268 ἔπειτ’
966 1204 1014 1280 είς
1041 1206 1100 1269 τὸν

43 1330 68 1367 10
83 1307 187 1372 αὐτὸν
205 1306 362 1374 ἐτίθεσαν
379 1311 491 1374 τόπον.
527 1306 584 1374 καλ
602 1306 692 1374 τοῦτ’
714 1308 850 1376 ἐποίουν
869 1307 1007 1392 ἑκάστης
1023 1307 1100 1392 ἡμέ-

85 1437 152 1498 ρας.
194 1414 239 1491 ώς
262 1412 293 1478 6'
318 1413 537 1501 ἀποχρώντως
559 1417 597 1481 τὸ
616 1421 746 1498 πλῆθος
769 1414 876 1481 ἐδόκει
895 1419 1011 1499 βαλεῖν
1033 1425 1101 1479 τῶν

83 1520 270 1605 χρημάτων,
293 1523 444 1606 ἔπεμψαν
467 1523 689 1606 μισθούμενοι
710 1524 876 1607 λατόμους
897 1521 953 1587 καλ
972 1523 1101 1588 οἰκοδό-

84 1649 167 1709 μους
190 1627 208 1693 ὁ
232 1626 403 1714 ἀρχιερεὺς
422 1624 555 1705 Ἰώόαος
576 1625 632 1692 καὶ
656 1627 675 1693 6
698 1631 853 1711 βασιλεὺς
873 1626 1019 1713 Ἰώασος,
1045 1626 1101 1693 καλ

85 1731 137 1797 ἐπὶ
162 1732 242 1811 ξύλα
266 1733 390 1818 μεχάλα
413 1730 468 1798 καὶ
491 1741 550 1816 της
570 1735 747 1815 καλλίστης
766 1733 857 1816 ύλης.
878 1767 880 1770 ·
899 1734 1009 1817 <165>
1033 1731 1101 1797 ἐπι-

43 1858 68 1898 15
85 1837 328 1917 σκευασθέντος
351 1837 389 1905 δὲ
410 1848 471 1904 τοῦ
493 1848 593 1923 ναοῦ,
620 1841 680 1904 τὸν
702 1837 951 1923 ὑπολειφθέντα
975 1840 1102 1925 χρυσὸν

83 1942 138 2010 καὶ
161 1946 310 2032 ἀρχυρον
338 1943 414 2033 (οὐκ
441 1946 554 2028 όλίχος
577 1943 608 2009 6²
633 1939 691 2031 ἦν)
720 1950 767 2021 είς
793 1968 828 2009 τε
854 1953 1020 2032 κρατῆρας
1046 1942 1101 2010 καὶ

85 2051 239 2135 οἰνοχόας
262 2048 319 2116 καλ
342 2050 516 2136 ἐκπώματα
542 2048 598 2116 καλ
625 2051 665 2115 τὰ
692 2051 791 2115 λοιπά
819 2052 919 2135 σκεύη
945 2052 1102 2137 κατεχρη-

86 2174 201 2240 σαντο,
233 2159 370 2234 θυσίαις
401 2181 437 2222 τε
463 2155 679 2223 πολυτελέσιν
709 2154 868 2243 ὁσημέραι
900 2159 959 2222 τὸν
988 2157 1102 2241 βωμὸν

85 2266 275 2340 πιαίνοντες
298 2261 476 2329 διετέλουν.

43 2389 70 2428 20
151 2367 207 2434 καλ
235 2377 338 2434 ταῦτα
365 2369 441 2454 μέν,
469 2367 521 2455 ἐφ’
548 2371 629 2436 ὅσον
649 2367 782 2449 Ἰώόαος
803 2373 927 2458 χρόνον
950 2372 1017 2455 ἔζη,
1044 2378 1103 2454 τῆς

85 2476 315 2562 προσηκούσης
339 2475 496 2560 ε’τύχχανε
520 2479 680 2560 σπουδῆς·
707 2478 825 2560 <166>
849 2477 895 2554 ώς
920 2474 951 2540 6'
977 2476 1137 2542 ἐτελεύ-3

85 2597 184 2664 τησεν
207 2576 305 2659 οὗτος
328 2585 384 2665 ἔτη
407 2579 469 2666 μὲν
486 2582 610 2666 βιώσας
629 2579 747 2647 ἑκατὸν
768 2579 824 2646 καὶ
842 2582 1029 2666 τριάκοντα,
1053 2583 1103 2646 ἀί·

84 2711 178 2766 καιος
205 2685 243 2754 δὲ
270 2686 326 2753 καλ
352 2688 461 2754 πάντα
487 2688 628 2774 χρηστὸς
654 2688 846 2770 γενόμενος,
869 2685 980 2770 έτάφη
1009 2683 1039 2749 6’
1066 2685 1104 2751 έν

85 2806 157 2871 ταῖς
171 2799 357 2879 βασιλικαῖς
370 2796 492 2877 θηκαις
506 2793 543 2859 ἐν
557 2791 808 2880 Ἱεροσολύμοις,
825 2792 876 2858 ὅτι
889 2801 934 2880 τῷ
948 2794 1103 2857 Δαυίδου

43 2918 70 2958 25
85 2897 176 2982 μένει
193 2899 256 2982 τὴν
274 2903 447 2983 βασιλείαν
465 2898 676 2982 ἀνεκτήσατο,
698 2899 893 2984 προύθηκεν
911 2898 930 2964 6
948 2900 1104 2981 βασιλεὺς

80 3002 215 3082 Ἰώασος
233 3005 295 3088 τὴν
313 3003 502 3089 ἐπιμέλειαν
520 3004 582 3087 τὴν
599 3006 683 3090 πρὸς
695 3007 755 3070 τὸν
768 3006 860 3070 θεόν.
897 3004 1007 3088 <16λ>
1025 3019 1103 3068 σνν-

86 3111 321 3199 όιεφθάρησαν
340 3109 370 3175 6⁷
392 3110 481 3200 αύτῷ
498 3108 555 3176 καλ
573 3111 609 3176 oc
624 3119 685 3176 τοῦ
703 3113 856 3195 πλήθους
868 3111 1103 3197 πρωτεύοντες,

86 3218 171 3283 ὥστε
193 3223 398 3302 πλημμελεῖν
425 3217 473 3293 είς
499 3217 539 3281 τά
562 3218 674 3282 δίκαια
700 3214 757 3281 καλ
779 3213 1001 3300 νενομισμένα
1023 3213 1101 3302 παρ’

87 3322 202 3401 αὐτοῖς
234 3325 351 3410 ἀριστα
384 3316 479 3388 είναι.
526 3322 731 3407 θυσχεράνας
759 3319 789 3386 6’
820 3321 838 3387 6
867 3324 948 3399 θεὸς
980 3319 1032 3386 ἐπὶ
1064 3331 1104 3408 τῇ

160 3467 238 3528 §163
250 3469 310 3517 =2
325 3462 417 3516 Paral.
432 3461 522 3516 XXIV
535 3467 563 3526 83
579 3468 595 3515 4
609 3461 677 3529 Reg.
688 3459 776 3516 ΧΠ9.
849 3459 1126 3527 ξὶῦῦπὶῖυκεο.

87 3551 178 3604 XXIV
195 3555 236 3606 17.
