2400 3840
86 127 151 192 256
456 124 729 178 εεκειοκουιεε

85 290 236 364 εἰπόντος
255 287 300 364 ὡς
318 295 484 371 προσῆκεν
502 285 592 373 αὐτῷ
604 285 741 351 πάντων
753 282 953 369 ἀκροᾶσθαι
968 294 1036 349 τῶν
1048 283 1102 348 ὑπὸ

83 403 144 459 τοῦ
173 400 258 459 θεοῦ
285 390 555 477 προλεγομένων,
582 388 638 457 καὶ
661 391 707 467 ὡς
728 392 989 476 παρορμήσειαν
1013 391 1105 457 αὐτὸν
1140 423 1141 427 ’

84 500 120 565 οί
133 500 408 582 ψευδοπροφῆται
422 499 627 581 ποιήσασθαι
641 498 701 563 τὸν
714 499 866 580 πόλεμον
881 495 997 562 ἐλπίδι
1011 501 1105 580 νίκης,
1141 556 1143 569 ,

83 603 139 670 καὶ
163 606 214 671 ὅτι
238 606 291 671 δεῖ
311 616 425 671 πεσεῖν
448 604 552 669 αύτδν
570 606 769 689 μαχόμενον,
791 601 897 680 αὐτὸς
916 600 984 687 μὲν
1001 599 1045 688 ήν
1062 602 1104 669 ἐπ’

85 710 209 799 ἐννοίᾳ,
229 712 389 788 Σεδεκίας
407 709 447 776 δέ
458 733 509 787 τις
521 719 590 775 τῶν
603 710 898 795 ψευδοπροφητῶν
911 712 1124 796 προσελθὼνκ

84 826 130 906 τῷ
158 814 220 902 μὲν
244 820 376 904 Μιχαίᾳ
402 817 445 900 μή
473 814 650 902 προσέχειν
676 812 830 900 παρῄνει·
864 815 982 898 (407)
1007 815 1107 900 λέγειν

84 924 148 1008 γάρ
176 923 280 988 αὐτὸν
307 918 408 987 οὐδὲν
435 920 568 1006 ἀληθές.
614 923 777 1010 τεκμηρίῳ
807 918 837 985 δ’
869 919 1040 1008 ἐχρήσατο
1066 913 1107 998 οἷς

83 1026 198 1104 Ἠλίας
223 1028 479 1112 προυφήτευσεν
507 1027 525 1093 ὁ
552 1027 673 1092 τούτου
698 1030 858 1112 κρείττων
880 1030 926 1093 τά
949 1027 1107 1113 μέλλοντα

86 1133 246 1197 συνιδεῖν.
301 1130 356 1197 καί
388 1134 452 1218 γάρ
483 1142 605 1199 τοῦτον
637 1135 728 1215 ἔλεγε
759 1135 1049 1217 προφητεύσαντα
1078 1133 1106 1199 ἐν

83 1236 188 1326 Ἰζάρᾳ
215 1241 325 1322 πόλει,
352 1237 389 1304 ἐν
416 1247 462 1325 τῷ
486 1239 675 1324 Ναβούθου
701 1237 808 1326 ἀγρῷ,
834 1239 872 1303 τὸ
899 1231 989 1324 αἷμα
1012 1242 1106 1306 αύιοῦ
1116 1256 1132 1297 1⁰

86 1345 190 1424 κύνας
213 1345 498 1432 ἀναλιχμήσεσθαι
520 1357 692 1430 προειπεῖν
710 1345 825 1421 καθὼς
842 1342 900 1409 καὶ
920 1348 1106 1432 Ναβούθου

85 1460 147 1516 τοῦ
170 1449 215 1516 δι’
239 1451 342 1516 αὐτὸν
365 1448 650 1528 καταλευσθέντος
672 1450 738 1516 ὑπὸ
761 1457 822 1515 τοῦ
846 1452 962 1534 ὄχλου.
1003 1453 1107 1536 <408>

88 1555 205 1639 (δῆλον
227 1551 290 1620 οὖν
313 1557 358 1633 ὡς
380 1551 478 1633 οὗτος
500 1557 673 1639 ψεύδεται,
695 1565 741 1642 τῷ
763 1559 933 1644 κρείττονι
956 1560 1107 1645 προφήτη

86 1661 245 1727 τάναντία
272 1659 393 1746 λέγων,
421 1659 480 1748 ἀφ’
504 1661 638 1748 ἡμερῶν
664 1673 768 1748 τριῶν
791 1661 933 1746 φάσκων
956 1662 1107 1746 τεθνήξε-

58 1772 60 1775 ’
88 1774 179 1833 σθαι.
215 1768 387 1852 γνώσεσθε
412 1765 443 1831 δ’
469 1773 560 1854 είπερ
584 1765 675 1832 ἐστίν
698 1767 828 1851 ἀληθής
849 1765 905 1833 καὶ
930 1777 994 1834 τοῦ
1013 1773 1108 1835 θείου
1117 1783 1135 1827 1⁵

86 1876 274 1960 πνεύματος
296 1874 358 1959 τήν
376 1875 521 1958 δύναμιν
540 1875 615 1958 ἔχει.
647 1874 751 1951 εὐθύς
769 1875 833 1960 γάρ
852 1873 1037 1961 ῥαπισθεὶς
1055 1871 1105 1940 ὑπ’

89 1979 170 2064 ἐμοῦ
193 1981 350 2065 βλαψάτω
374 2004 440 2064 μου
457 1980 518 2062 τήν
536 1978 646 2066 χεῖρα,
665 1980 774 2065 ὥσπερ
794 1977 911 2045 Ἰαδδιν
929 1982 995 2064 τήν
1014 1981 1108 2069 Ἱερο-

89 2088 217 2170 βοάμου
240 2096 299 2153 τοῦ
322 2085 483 2170 βασιλέως
502 2090 681 2170 συλλαβεῖν
700 2089 906 2170 θελήσαντος
923 2086 1108 2174 ἀπεξήρανε

88 2189 213 2266 δεξιάν·
240 2191 382 2272 ἀκήκοας
405 2191 479 2276 γάρ,
503 2187 605 2275 οἶμαι,
627 2193 760 2270 πάντως
782 2201 879 2259 τοῦτο
904 2192 1107 2278 γενόμενον.’

89 2292 199 2375 <409>
230 2294 275 2370 ὡς
306 2288 369 2358 οὖν
395 2293 579 2376 πλήξαντος
605 2297 719 2361 αὐτοῦ·
736 2298 797 2363 τδυ
823 2302 979 2382 Μιχαίαν
1007 2297 1138 2384 μηδδνῖ

89 2395 211 2480 συνέβη
234 2405 369 2481 παθεῖν,
388 2396 530 2481 ’Ἁχαβος
552 2401 727 2487 θαρρήσας
749 2405 844 2486 ἀγειν
866 2403 927 2486 τήν
950 2408 1109 2491 στρατιάν

86 2506 264 2590 πρόθυμος
290 2499 333 2589 ήν
361 2503 414 2571 ἐπὶ
441 2507 500 2571 τὸν
528 2507 657 2592 Σύρον·
699 2507 792 2574 ἐνίκα
819 2509 898 2595 γάρ,
930 2504 1041 2595 οἶμαι,
1073 2512 1107 2577 τὸ

87 2612 205 2698 χρεών,
227 2610 284 2679 καὶ
306 2611 559 2699 πιθανωτέρους
582 2611 684 2679 ἐποίει
703 2614 872 2698 τάληθοῦς
889 2617 969 2692 τοὺς
986 2619 1108 2695 ψευδο-

88 2720 272 2804 προφήτας,
290 2721 347 2785 ίνα
366 2721 451 2805 λάβη
467 2721 530 2803 τήν
548 2719 705 2806 ἀφορμήν
718 2729 779 2786 τοῦ
792 2719 917 2798 τέλους.
946 2724 1109 2799 Σεδεκίας

90 2821 127 2889 δὲ
150 2827 270 2912 σιδηρᾶ
293 2827 433 2908 ποιήσας
454 2824 575 2912 κέρατα
594 2824 683 2909 λέγει
700 2827 783 2909 πρὸς
797 2825 944 2912 ’Ἁχαβον
963 2828 1009 2904 ὡς
1027 2830 1108 2905 θεὸς
1119 2844 1141 2884 ²⁵

90 2929 179 3017 αὐτῷ
202 2934 354 3014 σημαίνει
377 2932 508 3007 τούτοις
525 2940 635 2996 πᾶσαν
653 2932 938 3019 καταστρέψεσθαι
957 2936 1019 3018 τήν
1040 2941 1108 3001 Συ-

90 3037 177 3119 ρίαν.
222 3036 331 3118 <410>
355 3038 508 3119 Μιχαίαν
535 3033 573 3100 δὲ
600 3035 670 3120 μετ’
696 3039 738 3104 ού
764 3040 889 3117 πολλὰς
915 3038 1042 3126 ἡμέρας
1066 3043 1108 3106 εί-

87 3142 195 3205 πόντα
213 3141 272 3206 τὸν
287 3141 450 3206 Σεδεκίαν
467 3149 618 3225 ταμιεῖον
636 3140 672 3206 έκ
691 3148 841 3228 ταμιείου
855 3148 1109 3232 κρυβησόμενον

89 3244 253 3330 ἀμείψειν,
277 3250 435 3329 ζητοῦντα
458 3259 581 3331 φυγεῖν
602 3254 660 3330 τῆς
679 3250 901 3332 ψευδολογίας
919 3251 981 3333 τήν
1000 3252 1108 3335 δίκην,

89 3346 261 3415 ἐκέλευσεν
298 3351 315 3416 ὁ
352 3354 507 3436 βασιλεὺς
539 3347 730 3436 ἀπαχθέντα
763 3354 991 3436 φυλάττεσθαι
1023 3360 1142 3444 πρὸςῖθ

161 3474 242 3533 ςιοε
263 3495 296 3516 =
316 3472 415 3543 ειυς.
434 3473 513 3527 xxn
528 3480 573 3541 ιο,
594 3471 715 3527 οΡιιιι.
733 3471 826 3527 xvm
843 3481 882 3531 ιε.
