2400 3840
84 125 128 189 24
454 125 728 178 ΔΡΧΔΙΟΔΟΓΙΑΣ

85 292 162 373 βον,
194 288 448 372 στρατοπεδείας
480 283 517 352 δὲ
549 297 617 351 τῶν
645 284 777 370 ἐχθρῶν
810 284 846 350 ἐν
873 289 1017 371 Μαχμᾷ,
1050 284 1104 351 καὶ

85 395 186 477 ἀκοῆς
203 403 261 478 τῆς
281 391 330 460 ἐπ’
352 394 454 459 αὐτὸν
472 395 520 470 εἰς
537 393 692 474 Γάλγαλα
709 391 930 476 καταβάσεως,
949 391 1104 477 ἐπειχθῆ-

86 526 141 567 ναι
164 503 248 586 πρὸς
270 501 331 584 τὴν
354 502 495 583 θυσίαν,
522 500 542 581 <
549 500 630 580 104>
655 499 834 583 ὑπολαβὼν
861 499 880 565 ὁ
903 501 1104 583 Σαμούηλος

86 609 181 674 ’ἀλλὰ
200 607 291 690 σύγε’
316 609 421 690 φησίν
439 604 482 670 εεί
500 606 628 681 δίκαιος
645 600 736 687 ἦσθα
754 602 871 688 καὶμὴ
890 606 1104 690 παρήκουσας

86 715 178 800 ἐμοῦ,
201 710 277 798 μηδ’
300 707 347 778 ὧν
365 711 509 778 ὑπέθετό
527 734 584 796 μοι
602 709 677 794 περὶ
700 722 768 775 τῶν
786 713 962 794 παρόντων
985 711 1003 778 ὁ
1023 713 1128 788 θεὸςό

86 823 314 905 ὠλιγώρησας,
338 819 514 904 ταχύτερος
537 816 557 900 ἢ
581 815 744 903 συνέφερε
766 829 836 894 τοῖς
858 817 1028 903 πράγμασι
1053 842 1104 901 γε-

86 929 207 1011 γονώς,
239 929 296 990 σοί
320 922 350 991 τ’
381 925 469 1012 αὐτῷ
496 930 653 990 πλεῖστον
680 923 722 990 άν
753 927 947 1008 βασιλεῦσαι
980 927 1104 1009 χρόνον

86 1032 249 1115 ἐξεγένετο
264 1028 319 1097 καὶ
334 1044 404 1110 τοῖς
418 1043 489 1109 σοῖς
504 1029 673 1114 ἐκγόνοις.’
710 1031 819 1115 <105>
834 1028 888 1095 καὶ
903 1033 1104 1115 Σαμούηλος

85 1136 146 1224 μὲν
169 1137 355 1223 ἀχθόμενος
383 1137 436 1204 ἐπὶ
459 1150 529 1214 τοῖς
551 1135 784 1222 γεγενημένοις
810 1136 998 1223 ἀνεχώρησε
1023 1135 1101 1221 παρ’

85 1246 198 1330 αὑτόν,
221 1245 375 1322 Σάουλος
398 1242 429 1310 δ’
451 1247 498 1321 είς
517 1244 658 1329 Γαβαὼν
676 1246 786 1326 πόλιν,
809 1246 893 1327 έχων
912 1241 1103 1320 ἑξακοσίους
1116 1255 1139 1294 1⁰

85 1349 161 1436 μεθ’
188 1352 301 1434 αὑτοῦ,
325 1354 426 1435 μόνος
449 1345 506 1434 ἧκε
526 1353 589 1416 σὺν
604 1347 746 1435 Ἰωνάθη
769 1360 814 1437 τῷ
834 1350 938 1415 παιδί.
975 1351 1104 1415 τούτων

86 1455 117 1523 δ’
144 1459 179 1523 ολ
199 1459 333 1534 πλείους
356 1457 417 1522 οὐκ
440 1451 530 1541 εἶχον
554 1457 649 1541 ὅπλα,
671 1466 730 1540 τῆς
751 1456 860 1542 χώρας
883 1457 1104 1538 σπανιζούσης

86 1564 226 1649 σιδήρου
254 1561 399 1628 καὶτῶν
427 1564 511 1629 ὅπλα
534 1563 707 1648 χαλκεύειν
735 1559 944 1646 δυναμένων·
973 1561 1015 1626 ού
1041 1564 1103 1646 γὰρ

86 1675 164 1734 ελων
192 1670 227 1735 οί
252 1667 472 1735 Παλαιστινοὶ
499 1667 591 1735 ταῦτ’
621 1665 722 1752 εἶναι,
753 1670 867 1745 καθὼς
897 1665 953 1732 καὶ
984 1669 1104 1752 μικρὸν

87 1779 276 1863 ἔμπροσθεν
300 1776 540 1860 δεδηλώκαμεν.
585 1776 695 1860 (106)
719 1777 884 1852 διελόντες
907 1771 938 1838 δ’
960 1776 1009 1850 εἰς
1027 1778 1102 1859 τρία
1116 1783 1138 1825 1⁵

86 1883 168 1970 μέρη
191 1885 253 1968 τὴν
276 1884 433 1970 στρατιάν
456 1883 491 1948 οί
512 1879 732 1948 Παλαιστινολ
760 1878 815 1947 καὶ
838 1881 919 1946 κατὰ
942 1881 1104 1957 τοσαύτας

87 1990 187 2069 ὁδοὺς
210 1991 421 2078 ἐπερχόμενοι
444 1990 506 2073 τὴν
528 2001 596 2055 τῶν
610 1987 773 2075 Ἑβραίων
791 1989 903 2074 χώραν
922 1985 1104 2073 ἐπόρθουν,

86 2099 278 2178 βλεπόντων
304 2120 339 2162 τε
362 2097 520 2161 Σαούλου
547 2105 608 2161 τοῦ
636 2094 796 2180 βασιλέως
823 2094 934 2159 αὐτῶν
961 2090 1017 2158 καὶ
1044 2102 1104 2158 τοῦ

85 2201 206 2276 παιδὸς
221 2198 393 2283 Ἰωνάθου,
415 2201 541 2285 άμῦναί
556 2206 592 2266 τε
609 2211 648 2286 τῇ
668 2211 709 2286 γῇ
730 2198 820 2287 (μεθ’
842 2199 1023 2278 ἑξακοσίων
1042 2201 1104 2283 γάρ

86 2307 199 2389 μόνων
227 2300 326 2391 ἦσαν)
359 2305 400 2370 ού
428 2305 633 2390 δυναμένων.
685 2308 793 2391 <107>
823 2309 1042 2390 καθεζόμενοι
1070 2305 1100 2371 δ’
1117 2314 1139 2355 ²⁰

36 2436 37 2440 ¹
86 2409 185 2487 αὐτός
216 2434 250 2475 τε
281 2407 336 2474 καὶ
370 2411 387 2476 ὁ
415 2422 493 2488 παῖς
525 2411 629 2477 αὐτοῦ
660 2410 715 2476 καὶ
743 2413 761 2478 ὁ
789 2412 960 2499 ἀρχιερεὺς
985 2410 1104 2498 Ἀχίας,

86 2515 251 2599 ἀπόγονος
275 2516 322 2582 ών
339 2513 429 2583 Ἠλεὶ
452 2526 513 2583 τοῦ
531 2515 718 2605 άρχιερέως,
742 2516 794 2584 ἐπὶ
816 2523 942 2604 βουνοῦ
961 2520 1104 2603 ὑψηλοῦ,

85 2620 141 2689 καὶ
164 2624 225 2708 την
248 2633 312 2708 γῆν
336 2623 601 2710 λεηλατουμένην
625 2625 777 2712 ὁρῶντες,
801 2624 837 2691 έν
860 2625 987 2712 άγωνίμ
1011 2627 1103 2711 δεινῇ

84 2734 355 2815 καθειστήκεσαν.
393 2737 586 2799 συντίθεται
600 2734 621 2799 δ
624 2731 631 2757 ’
649 2733 667 2800 ὁ
681 2734 839 2799 Σαούλου
854 2742 932 2808 παῖς
945 2742 991 2819 τῷ
1006 2731 1104 2799 ὁπλο-

85 2840 180 2925 φόρῳ
203 2841 316 2923 κρύφα
338 2839 561 2925 πορευθέντες
583 2837 678 2904 αὐτοὶ
702 2840 749 2915 είς
771 2839 918 2922 τὴντῶν
936 2843 1105 2924 πολεμίων
1118 2853 1142 2896 2⁶

85 2944 298 3028 παρεμβολὴν
317 2942 493 3028 ἐκδραμεῖν
506 2942 561 3008 καὶ
575 2927 722 3029 ταραχὴν
736 2942 911 3028 ἐμποιῆσαι
929 2943 985 3009 καὶ
999 2949 1105 3032 θόρυ-

85 3053 156 3134 βον.
205 3049 315 3131 <108>
342 3057 402 3113 τοῦ
430 3046 461 3113 δ’
487 3049 680 3135 ὁπλοφόρου
707 3051 890 3135 προθύμως
917 3049 1105 3135 έτγέύεσθαι

84 3157 253 3238 φύσαντος
282 3155 357 3219 ὅποι
384 3152 458 3220 ποτ’
489 3154 531 3220 δν
557 3154 691 3239 ἡγῆται,
722 3156 785 3222 κάν
808 3156 1004 3223 άποθανεῖν
1035 3159 1104 3244 δέη,

51 3310 54 3315 .
84 3263 283 3348 προσλαβὼν
305 3261 367 3344 την
389 3269 449 3325 τοῦ
472 3264 649 3326 νεανίσκου
673 3267 854 3349 συνεργίαν
881 3261 936 3328 καὶ
959 3267 1105 3349 καταβὰς

84 3364 148 3431 ἀπὸ
173 3377 233 3433 τοῦ
256 3373 383 3452 βουνοῦ
410 3368 493 3453 πρὸς
520 3369 598 3443 τοὺς
625 3371 805 3452 πολεμίους
832 3370 1015 3454 ἐπορεύετο.
1061 3366 1105 3454 ἦν
1118 3386 1146 3427 ³⁰

157 3487 559 3557 §104a1sseg.xl1113.
