2400 3840
541 170 687 219 AEKATH
1058 170 1121 234 371

98 331 358 414 ὑπερβαλλούσῃ
380 337 473 414 τιμή,
498 338 631 415 πρῶτον
655 328 758 394 αὐτὸν
780 328 956 408 ἀποδείξας
978 341 1045 395 τῶν
1068 334 1124 415 φί-

100 443 182 502 λων.
228 435 346 518 <264>
369 435 417 499 ὢν
440 432 470 498 δ’
498 434 604 512 οὕτως
627 433 785 519 ἐπίσημος
806 432 862 500 καὶ
886 439 1035 522 λαμπρὸς
1057 437 1122 502 ὑπὸ

100 541 202 624 δόξης
229 550 289 606 τοῦ
316 540 481 624 θεοφιλής
512 535 599 605 εἶναι
625 546 810 625 Δανιήλος,
842 539 1054 629 ᾠκοδόμησεν
1086 543 1123 607 ἐν

95 647 312 732 Ἐκβατάνοις
329 655 388 731 τῆς
402 648 559 731 Μηδικῆς
577 652 687 733 βάριν,
706 646 966 734 ἐκπρεπέστατον
979 672 1012 712 τι
1025 672 1123 714 κατα-

68 755 271 836 εσκεύασμα
293 751 349 818 καὶ
372 756 570 837 θαυμασίως
594 752 831 838 πεποιημένον,
859 753 879 837 ή
903 752 998 840 μέχρι
1022 756 1122 839 δεῦρο

99 857 165 945 μὲν
188 861 256 924 ἔστι
279 856 335 923 καὶ
358 860 510 943 σώζεται,
533 866 603 936 τοϊς
626 857 657 924 δ’
684 860 787 946 ὁρῶσι
810 861 904 925 δοκεῖ
923 860 1123 954 προσφάτως

98 964 365 1030 κατεσκευάσθαι
387 963 443 1030 καὶ
467 962 517 1030 ἐπ’
539 966 642 1049 αὐτῆς
661 964 789 1049 ἐκείνης
806 961 846 1049 ής
865 965 1000 1044 ἕκαστος
1018 967 1123 1050 αύτήν

98 1069 226 1157 ἡμέρας
262 1072 389 1156 ἱστορεῖ
422 1068 609 1154 γεγονέναι·
647 1071 734 1136 οὕτω
771 1074 894 1159 νεαρὸν
930 1073 1032 1157 αὐτῆς
1067 1071 1122 1138 καλ

100 1177 245 1262 άκμαϊον
263 1179 301 1242 τὸ
319 1177 451 1262 κάλλος,
473 1174 529 1244 καὶ
547 1179 702 1262 μηδαμοῦ
721 1181 903 1265 γεγηρακὸς
922 1179 988 1245 ὑπὸ
1007 1182 1123 1246 τοσού-

56 1307 162 1348 1οτου
181 1285 314 1368 χρόνου.
352 1283 461 1367 <265>
478 1282 597 1368 πάσχει
616 1285 679 1370 γάρ
697 1281 753 1348 καὶ
772 1285 813 1349 τά
830 1286 1123 1372 κατασκευάσματα

99 1389 224 1455 ταύτὸν
247 1389 454 1474 ἀνθρώποις,
482 1387 537 1454 καλ
565 1395 740 1456 πολιοῦται
762 1388 818 1455 καὶ
841 1391 902 1474 τήν
926 1392 1023 1475 ἰσχύν
1046 1396 1123 1457 λυό-

100 1519 185 1580 μενα
207 1495 273 1560 ὑπὸ
296 1505 364 1560 τῶν
393 1492 477 1560 ἐτῶν
498 1494 554 1561 καλ
576 1497 638 1580 τήν
662 1495 861 1582 εὐπρέπειαν
886 1500 1122 1584 μαραινόμενα.

82 1601 270 1667 ’θάπτουσι
294 1597 325 1665 δ’
351 1599 388 1666 έν
411 1610 450 1687 τῇ
473 1602 569 1688 βάρει
587 1603 668 1678 τούς
689 1625 725 1667 τε
743 1603 875 1685 Μήδων
898 1607 1046 1688 βασιλεῖς
1067 1601 1122 1668 καλ

101 1713 246 1793 Περσῶν
272 1703 328 1771 καὶ
352 1707 505 1793 Πάρθων
532 1708 609 1794 άχρι
636 1716 698 1772 τοῦ
726 1709 842 1794 δεῦρο,
870 1707 925 1774 καὶ
954 1710 971 1776 ὁ
999 1711 1123 1792 ταύτην

58 1836 85 1877 15
99 1812 360 1898 πεπιστευμένος
375 1811 537 1890 Ἰουδαῖός
555 1811 646 1877 έστιν
665 1813 786 1898 ίερεύς·
804 1811 860 1878 καὶ
878 1823 977 1879 τοῦτο
996 1817 1123 1897 γίνεται

100 1917 197 2006 μέχρι
220 1927 278 2004 τῆς
301 1920 446 2005 σήμερον
472 1918 604 2005 ἡμέρας.
649 1919 768 2002 <266>
796 1918 890 1997 άξιον
917 1915 954 1984 δὲ
981 1919 1123 2006 τάνδρὸς

100 2025 223 2091 τούτου
244 2024 300 2091 καὶ
323 2026 341 2092 δ
365 2026 506 2111 μάλιστα
529 2024 703 2110 θαυμάσαι
730 2048 782 2103 τις
804 2024 847 2090 άν
869 2025 1013 2102 ἀκούσας
1036 2027 1123 2091 διελ-

101 2138 189 2198 θεῖν.
235 2133 363 2197 ἅπαντα
391 2133 454 2218 γάρ
480 2131 569 2220 αύτῷ
592 2130 787 2218 παραδόξως
814 2131 859 2208 ὡς
888 2128 941 2197 ἑνί
965 2155 1032 2197 τινι
1054 2141 1123 2196 τῶν

102 2240 268 2322 μεγίστων
291 2238 464 2323 ηύτυχήθη
482 2249 676 2324 προφητῶν,
698 2236 754 2303 καὶ
772 2238 861 2324 παρά
883 2240 943 2304 τὸν
964 2246 1022 2322 τῆς
1041 2240 1123 2321 ζωῆς

60 2366 88 2406 ιο
101 2346 227 2429 χρόνον
249 2346 326 2428 τιμή
349 2342 463 2410 τεκαὶ
486 2344 566 2424 δόξα
589 2345 679 2431 παρά
705 2355 773 2410 τῶν
796 2342 961 2428 βασιλέων
984 2343 1039 2410 καὶ
1062 2353 1123 2410 τοῦ

100 2451 269 2533 πλήθους,
306 2447 361 2515 καὶ
397 2452 595 2533 τελευτήσας
632 2446 670 2515 δὲ
705 2452 839 2535 μνήμην
875 2452 1014 2516 αίάινιον
1047 2453 1122 2536 ἔχει.

99 2557 211 2641 <267>
238 2557 279 2621 τδι
306 2557 369 2642 γάρ
397 2559 524 2640 βιβλία,
558 2556 620 2620 ὅσα
649 2556 690 2639 δή
718 2556 996 2641 συγγραψάμενος
1025 2579 1122 2621 κατα-

100 2659 270 2745 λέλοιπεν,
298 2660 558 2743 ἀναγινώσκεται
584 2657 663 2746 παρ’
692 2659 772 2744 ήμῐν
800 2662 848 2724 ἔτι
875 2658 930 2724 καὶ
957 2669 1037 2744 νῦν,
1066 2659 1122 2726 καὶ

99 2767 364 2851 πεπιστεύκαμεν
387 2765 420 2844 ἐξ
445 2765 556 2831 αὐτῶν
575 2765 626 2830 ὅτι
645 2769 815 2849 Δανιήλος
837 2765 952 2850 ὡμίλει
974 2775 1020 2853 τῷ
1043 2772 1121 2856 θεῷ.

59 2893 86 2934 25
101 2873 142 2938 ού
166 2874 229 2960 γάρ
252 2875 292 2938 τδι
320 2871 484 2957 μέλλοντα
508 2874 614 2956 μόνον
636 2872 857 2958 προφητεύων
885 2870 1037 2957 διετέλει,
1064 2897 1122 2938 κα-

100 2980 211 3066 θάπερ
233 2976 289 3044 καὶ
313 2979 349 3043 οί
368 2980 464 3044 άλλοι
486 2986 666 3065 προφῆται,
689 2978 773 3044 άλλά
791 2976 846 3043 καὶ
865 2981 984 3065 καιρὸν
1005 2979 1122 3065 ὥριζεν

100 3088 148 3163 είς
171 3085 212 3151 δν
234 3082 327 3150 ταῦτ’
353 3085 567 3170 ἀποβήσεται·
591 3087 699 3170 <268>
718 3081 860 3150 καὶτῶν
877 3096 1060 3170 προφητῶν
1081 3087 1121 3151 τά

100 3195 201 3278 χείρω
228 3194 476 3279 προλεγόντων,
507 3188 563 3256 καὶ
596 3192 652 3256 διδι
683 3200 782 3256 τοῦτο
811 3189 1121 3276 δυσχεραινομένων

99 3299 165 3364 ὑπὸ
184 3309 253 3363 τῶν
272 3295 435 3382 βασιλέων
454 3294 509 3361 καλ
527 3305 588 3362 τοῦ
606 3298 769 3379 πλήθους,
791 3301 961 3380 Δανιήλος
982 3296 1122 3379 ἀγαθῶν

59 3422 87 3462 ιο
102 3403 229 3486 ἐγίνετο
256 3405 431 3489 προφήτης
458 3402 586 3486 αὐτοῖς,
619 3403 664 3480 ὡς
691 3401 755 3467 άπὸ
783 3398 845 3487 μὲν
872 3411 930 3485 τής
958 3404 1122 3489 εὐφημίας

101 3521 168 3575 τῶν
191 3507 446 3596 προλεγομένων
470 3509 606 3574 εύνοιαν
634 3507 838 3574 ἐπισπᾶσθαι
865 3509 954 3595 παρὰ
976 3509 1120 3576 πάντων.

914 3611 971 3667 W
