2400 3840
122 160 165 225 96
486 160 760 212 Αεαειοαοντκτ

121 320 266 388 έκλεκτοὶ
290 322 458 408 δισμύριοι
487 319 723 405 ἑπτακισχίλιοι
754 317 931 400 ἑξακόσιοι,
960 317 995 382 ἐκ
1019 317 1056 382 δέ
1079 328 1139 402 τῆς

118 426 267 514 Ἀσείρου
281 434 390 511 φυλῆς
402 428 562 513 μυριάδες
575 427 744 513 τέτταρες,
757 425 791 491 ἐκ
806 422 842 489 δὲ
856 436 924 489 τῶν
939 424 1000 488 δύο
1018 431 1138 507 φυλῶν

120 545 189 599 τῶν
211 533 316 620 πέραν
338 543 398 599 τοῦ
418 531 589 619 Ἰορδάνου
611 532 667 599 καὶ
689 519 749 599 τού
773 539 891 598 λοιποῦ
915 540 973 614 τῆς
995 535 1137 595 Μανασ-

121 642 254 724 σήτιδος
277 646 386 723 φυλῆς
409 637 626 724 ὡπλισμένων
644 641 772 724 θυρεὸν
790 636 845 702 καὶ
866 639 949 722 δόρυ
966 634 1022 701 καὶ
1045 660 1137 722 περι-

119 749 306 830 κεφαλαίαν
336 743 392 810 καὶ
424 745 595 831 ῥομφαίαν
627 745 785 831 μυριάδες
822 745 960 808 δώδεκα.
1013 741 1069 808 καί
1102 746 1140 809 αί
1151 759 1164 798 5

120 852 233 918 λοιπαὶ
253 847 319 939 (δέ)
339 849 444 935 φυλαὶ
468 852 649 937 ῥομφαίαις
671 851 825 937 έχρῶντο.
867 851 955 933 <6Ο>
973 859 1071 915 τοῦτο
1096 850 1136 931 δὴ

120 969 188 1024 πᾶν
214 961 252 1023 τὸ
280 964 411 1041 πλῆθος
440 961 489 1035 είς
512 961 673 1044 Χεβρῶνα
699 959 783 1043 πρὸς
804 958 960 1039 Δαυίδην
988 962 1137 1039 συνῆλθε

120 1065 200 1147 μετὰ
227 1068 351 1146 πολλῆς
378 1072 588 1149 παρασκευῆς
620 1065 735 1128 σιτίων
766 1059 822 1126 καὶ
854 1067 950 1127 οίνου
982 1060 1037 1126 καί
1069 1073 1137 1127 τῶν

119 1171 203 1254 πρὸς
225 1169 354 1255 τροφὴν
372 1169 517 1252 πάντων,
539 1167 594 1234 καὶ
617 1178 676 1255 μιᾷ
694 1169 809 1252 γνώμη
828 1170 887 1233 τὸν
905 1170 1060 1251 Δαυίδην
1079 1171 1137 1252 βα-

120 1276 266 1342 σιλεύειν
293 1275 472 1362 ἐκύρωσαν.
519 1273 571 1340 ἐπὶ
596 1272 633 1340 δέ
655 1287 745 1360 τρεῖς
773 1274 896 1359 ἡμέρας
919 1271 1137 1360 ἑορτάσαντος
1151 1289 1175 1327 10

119 1392 180 1449 τοῦ
204 1389 287 1449 λαοῦ
309 1379 365 1447 καὶ
387 1379 678 1465 κατευωχηθέντος
702 1380 738 1446 έν
757 1384 920 1465 Χεβρῶνι,
944 1380 961 1445 ὁ
984 1382 1137 1463 Δαυίδης

120 1490 201 1574 μετὰ
223 1489 358 1555 πάντων
381 1487 512 1552 ἐκεῖθεν
535 1489 617 1573 ἄρας
639 1481 719 1570 ἧκεν
743 1489 790 1564 είς
809 1485 1028 1572 Ἱεροσόλυμα.

90 1597 111 1660 3
187 1594 274 1677 <61>
298 1605 366 1659 τῶν
389 1590 426 1657 δὲ
449 1594 694 1659 κατοικούντων
716 1594 778 1675 την
805 1596 905 1658 πόλιν
925 1589 1136 1675 Ἰεβουσαίων

120 1698 231 1787 (γένος
251 1697 281 1764 δ’
304 1697 389 1764 είσὶν
407 1695 501 1766 οὗτοι
520 1699 734 1785 Χαναναίων)
754 1698 1021 1765 ἀποκλεισάντων
1045 1699 1134 1786 αὐτῶ

119 1807 177 1885 τὰς
199 1808 316 1891 πύλας,
343 1803 399 1870 καὶ
422 1809 500 1883 τοὺς
522 1805 781 1892 πεπηρωμένους
803 1807 862 1882 τὰς
884 1807 977 1882 όύεις
999 1802 1055 1868 καὶ
1078 1806 1137 1882 τδς
1151 1819 1174 1857 Ιῡ

119 1913 233 1998 βάσεις
259 1909 315 1978 καὶ
345 1920 412 1976 πᾶν
430 1913 467 1976 τὸ
491 1909 722 1996 λελωβημένον
745 1910 937 1993 στησάντων
960 1907 1012 1974 ἐπὶ
1036 1913 1136 1994 χλεύη

119 2029 179 2083 τοῦ
203 2016 364 2103 βασιλέως
387 2015 440 2083 ἐπὶ
462 2027 523 2082 τοῦ
545 2021 685 2102 τείχους,
708 2015 763 2081 καὶ
786 2019 953 2099 λεγόντων
973 2017 1137 2081 κωλύσειν

119 2125 223 2189 αὐτὸν
251 2128 417 2189 είσελθεῖν
444 2127 523 2200 τοὺς
553 2124 744 2209 ἀναπήρους
771 2121 888 2205 (ταῦτα
916 2119 947 2185 δ’
974 2124 1137 2207 ἔπραττον

118 2239 408 2314 καταφρονοῦντες
435 2238 473 2313 τῇ
489 2212 569 2293 ντῶν
591 2240 710 2312 τειχῶν
732 2225 937 2314 ὀχυρότητι),
966 2228 1137 2314 ὀργισθεὶς

117 2338 309 2417 πολιορκεῖν
341 2331 462 2417 ἤρξατο
494 2335 534 2401 τδι
563 2331 783 2419 Ἱεροσόλυμα.
833 2335 920 2417 <62>
948 2333 1002 2400 καὶ
1030 2341 1136 2420 πολλῇ
1151 2350 1176 2388 2⁰

119 2439 249 2522 σπουδῇ
271 2435 327 2501 καὶ
350 2441 523 2526 προθυμία
545 2439 750 2524 χρησάμενος
778 2439 823 2516 ὡς
851 2441 907 2504 διὰ
930 2449 990 2505 τοῦ
1013 2443 1137 2523 ταύτην

120 2542 208 2609 ἑλεῖν
227 2544 331 2621 εὐθὺς
354 2543 548 2630 έμφανίσων
566 2544 627 2628 τὴν
646 2545 753 2630 ἰσχύν,
776 2543 831 2610 καὶ
851 2545 1138 2630 καταπληξόμενος

119 2656 153 2716 εί
180 2675 268 2731 τινες
300 2652 365 2739 ἄρα
395 2650 450 2717 καὶ
483 2654 578 2719 ἄλλοι
614 2654 674 2718 τὸν
706 2652 808 2718 αὐτὸν
841 2652 980 2729 ἐκείνοις
1012 2656 1138 2737 τρόπον

120 2757 281 2826 διέκειντο
304 2762 388 2846 πρὸς
410 2760 524 2845 αὐτόν,
547 2760 708 2844 λαμβάνει
731 2760 812 2823 κατὰ
832 2760 951 2844 κράτος
970 2759 1031 2842 τὴν
1049 2760 1138 2825 κάτω

119 2869 227 2931 πόλιν.
273 2868 360 2951 <63>
384 2870 431 2931 έτι
451 2864 488 2932 δέ
507 2875 565 2950 τῆς
583 2869 685 2950 όίκρας
708 2864 913 2948 λειπομένης,
937 2867 1022 2948 έγνω
1041 2876 1139 2949 τιμῆς
1152 2879 1178 2919 25

119 2968 294 3052 ὑποσχέσει
325 2969 380 3034 καλ
413 2982 521 3056 γερῶν
552 2971 569 3036 ὁ
593 2973 748 3055 βασιλεὺς
777 2970 1052 3057 προθυμοτέρους
1085 2971 1138 3036 ἐπὶ

119 3071 224 3161 τᾶργα
247 3077 325 3150 τοὺς
343 3077 544 3160 στρατιώτας
562 3076 819 3162 παρασκευάσαι,
842 3072 897 3139 καὶ
920 3085 966 3164 τῷ
991 3078 1047 3141 διὰ
1070 3088 1138 3141 τῶν

117 3179 345 3265 ὑποκειμένων
359 3181 541 3266 φαράγγων
556 3180 610 3247 έπὶ
623 3182 684 3263 την
698 3183 804 3265 άκραν
814 3181 975 3264 όιναβάντι
991 3181 1045 3246 καὶ
1060 3184 1138 3247 ταύ-

117 3306 178 3369 την
199 3286 307 3352 ἑλόντι
327 3289 526 3372 στρατηγίαν
546 3288 691 3363 όίπαντος
713 3295 774 3352 τοῦ
793 3291 876 3351 λαοῦ
896 3287 1017 3352 δώσειν
1039 3287 1138 3370 έπηγ-

190 3431 205 3491 ξ
221 3433 252 3481 61
276 3454 309 3474 =
328 3426 427 3497 2Reg.
449 3426 474 3482 V
490 3434 513 3483 δ.
601 3431 735 3494 §bo-63
752 3453 789 3508 *=
810 3433 823 3479 1
839 3424 931 3482 Paral.
952 3425 1002 3478 XII
1017 3431 1132 3481 35-39.

121 3513 160 3567 XI
175 3519 261 3570 4-6.
