2400 3840
94 144 166 210 202
465 141 739 196 εεωοοοοτεν

95 321 234 388 σαντας,
261 305 280 371 δ
307 329 338 370 τι
365 304 487 382 πάντες
511 303 547 369 οί
567 312 635 370 των
658 304 857 387 Αἰγυπτίων
880 306 1035 389 βασιλεῖς
1057 303 1113 370 ιἰτὸ

98 415 249 478 Μιναίου
267 420 328 477 τοῦ
346 408 489 496 Μέμφιν
507 409 798 494 οἰκοδομήσαντος,
818 408 857 487 ὃς
876 411 967 476 ἔτεσι
986 415 1115 501 πολλοῖς

98 520 288 605 ἔμπροσθεν
311 514 440 601 ἐγένετο
463 524 524 582 τοῦ
546 515 683 582 πάππου
700 515 796 601 ήμῶν
815 512 1001 602 Ἀβράμου,
1026 515 1115 601 μέχρι

97 629 313 708 Σολομῶνος,
340 626 504 689 πλειόνων
532 620 615 688 ἐτῶν
643 620 664 706 ή
691 625 893 708 τριακοσίων
921 620 981 689 καί
1004 626 1115 709 χιλίων

96 729 217 816 μεταξὺ
240 731 504 814 διεληλυθότων,
530 731 716 815 Φαραῶθαι
740 726 947 814 ἐκλήθησαν,
972 728 1038 796 ἀπὸ
1061 737 1134 795 τοῦτ

96 834 165 923 μετ’
186 836 308 914 αὐτοὺς
330 834 367 902 ἐν
389 846 459 913 τοῖς
481 834 602 921 μεταξὺ
619 838 753 922 χρόνοις
771 833 937 922 ἄρξαντος
956 834 1115 921 βασιλέως

98 945 281 1027 Φαραῶνος
303 941 364 1024 τήν
386 943 614 1029 προσηγορίαν
636 944 805 1025 λαβόντες,
827 939 1019 1024 ἀναγκαῖον
1041 941 1115 1026 ήγη-

95 1049 203 1132 σιίμην
222 1048 337 1130 εἰπεῖν,
356 1048 413 1112 ἵνα
430 1048 493 1131 τήν
506 1049 647 1132 ἄγνοιαν
661 1047 772 1113 αὐτῶν
786 1045 901 1132 ἀφέλω
914 1046 976 1113 καὶ
990 1049 1113 1132 ποιήσω

90 1152 297 1238 τούνόματος
315 1155 466 1241 φανερόν
483 1154 545 1237 τήν
561 1155 672 1220 αἰτίαν
691 1154 742 1220 ότι
758 1154 906 1239 Φαραὼν
919 1151 996 1219 κατ’
1014 1156 1113 1237 Αἰγυ-

91 1262 210 1339 πτίους
227 1256 365 1345 βασιλέα
381 1263 543 1346 σημαίνει.
566 1260 676 1344 <156>
691 1254 783 1344 οἶμαι
797 1257 828 1325 δ’
848 1246 977 1339 αὐτοὺς
992 1259 1030 1326 ἐκ
1043 1262 1111 1326 παί-
1122 1281 1142 1321 ω

89 1368 163 1434 δων
186 1369 300 1447 ἄλλοις
321 1364 513 1454 χρωμένους
535 1368 711 1452 ὀνόμασιν,
743 1365 878 1432 ἐπειδὰν
902 1363 941 1432 δέ
966 1370 1113 1452 βασιλεῖς

90 1471 264 1557 γένωνται,
277 1474 315 1539 τὸ
330 1478 494 1558 σημαῖνον
508 1471 620 1539 αὐτῶν
633 1474 695 1557 τήν
709 1472 863 1552 ἐξουσίαν
875 1474 961 1539 κατὰ
976 1474 1041 1558 τήν
1055 1473 1113 1539 πίε

87 1601 185 1664 τριον
199 1585 348 1659 γλῶτταν
362 1578 654 1663 μετονομάζεσθαι.
681 1576 814 1666 καὶγὰρ
830 1579 866 1644 οἰ
884 1587 945 1664 τῆς
960 1576 1111 1660 Ἀλεξαν-

92 1683 204 1768 δρείας
230 1687 379 1767 βασιλεῖς
401 1685 516 1763 ἄλλοις
537 1685 678 1770 ὀνόμασι
704 1685 906 1770 καλούμενοι
934 1690 1110 1775 πρότερον,

92 1789 146 1856 ὅτε
168 1790 230 1876 τήν
253 1795 425 1877 βασιλείαν
449 1793 584 1877 ἔλαβον,
608 1796 812 1878 Πτολεμαῖοι
834 1796 1141 1880 προσηγορεύθηο

91 1912 155 1962 σαν
173 1897 237 1964 ἀπὸ
257 1907 317 1965 τοῦ
335 1899 468 1985 πρώτου
487 1894 657 1983 βασιλέως.
687 1897 797 1982 <157>
814 1894 871 1962 καί
889 1897 925 1963 οῖ
942 1895 1111 1985 Ῥωμαίων

91 2001 122 2067 δ’
148 2005 388 2093 αὐτοκράτορες
413 2003 451 2072 ἐκ
476 2013 610 2089 γενετῆς
632 2001 688 2070 ἀπ’
714 2005 825 2070 όίλλων
847 2007 1111 2089 χρηματίσαντες

87 2109 264 2192 ὀνομάτων
285 2111 453 2196 Καίσαρες
475 2116 665 2194 καλοῦνται,
689 2119 748 2194 τῆς
770 2109 949 2194 ἡγεμονίας
972 2112 1030 2177 καί
1053 2123 1109 2198 της

85 2207 185 2297 τιμής
211 2214 272 2296 τήν
299 2217 526 2298 προσηγορίαν
549 2215 662 2291 αὐτοῖς
684 2214 843 2299 θεμένης,
872 2214 945 2282 ἀλλ’
971 2218 1036 2302 οὐχ
1060 2211 1109 2296 οἷς

87 2319 152 2383 ὑπὸ
176 2329 244 2383 τῶν
266 2317 419 2402 πατέρων
436 2316 627 2401 ἐκλήθησαν
644 2321 778 2399 τούτοις·
795 2321 1015 2408 ἐπιμένοντες.
1053 2350 1108 2392 νο·
1120 2343 1143 2384 ιο

85 2426 167 2508 μίζω
201 2420 238 2489 δὲ
264 2421 320 2488 καί
343 2421 527 2510 Ἡρόδοτον
553 2426 613 2490 τὸν
626 2422 895 2513 Ἁλικαρνασσέα
922 2430 979 2494 διδι
1007 2441 1106 2497 τοῦτο

84 2531 168 2615 μετὰ
194 2535 346 2597 Μιναίου
377 2533 437 2598 τὸν
464 2533 729 2618 οἰκοδομήσαντα
756 2533 900 2620 Μέμφιν
927 2536 1107 2622 τριοίκοντα

84 2636 142 2703 καί
164 2642 377 2734 τριακοσίους
399 2637 554 2725 βασιλέας
572 2643 767 2724 Αἰγυπτίων
785 2640 944 2724 γενέσθαι
963 2640 1106 2727 λέγοντα

86 2746 130 2831 μή
155 2748 302 2831 δηλῶσαι
325 2747 435 2813 αὐτῶν
457 2748 498 2812 τὰ
519 2749 676 2834 ὀνόματα,
699 2748 750 2813 ότι
772 2758 892 2824 κοινῶς
918 2751 1106 2835 Φαραῶθαι

86 2849 275 2918 ἐκαλοῦντο.
311 2853 422 2936 <158>
444 2849 501 2917 καί
524 2854 587 2940 γὰρ
611 2855 691 2939 μετὰ
712 2853 774 2936 τήν
796 2853 925 2918 τούτων
945 2858 1105 2941 τελευτήν
1119 2873 1142 2914 ετ

84 2960 244 3038 γυναικὸς
262 2958 505 3041 βασιλευσάσης
522 2955 611 3039 λέγει
629 2960 776 3044 τοῦνομα
796 2962 963 3025 Νίκαυλιν
981 2967 1104 3046 καλῶν,

83 3063 198 3145 δηλῶν
217 3063 262 3141 ὡς
279 3073 347 3129 τῶν
365 3058 427 3147 μὲν
445 3060 597 3148 ἀρρένων
615 3064 780 3148 βασιλέων
798 3066 859 3149 τήν
878 3065 983 3150 αὐτήν
1001 3085 1104 3153 προσ-

84 3173 227 3255 ηγορίαν
246 3171 333 3254 ἔχειν
351 3165 559 3253 δυναμένων,
582 3177 642 3252 τῆς
659 3166 697 3233 δέ
719 3173 878 3253 γυναικὸς
900 3171 1010 3238 οὐκέτι
1033 3198 1103 3241 κοι-

83 3282 208 3340 νωνεῖν
236 3273 377 3360 ἐκείνης,
404 3273 461 3341 καὶ
488 3274 544 3341 διὰ
571 3281 669 3340 τοῦτο
698 3270 789 3341 εἶπεν
814 3277 916 3360 αὐτῆς
938 3281 975 3344 τὸ
1000 3282 1101 3363 φύσει

84 3377 210 3460 δεῆσαν
238 3383 352 3464 ὄνομα.
398 3381 509 3466 <159>
535 3379 599 3465 ἐγὼ
623 3377 738 3446 δὲκαὶ
761 3378 890 3460 ἐντοῖς
913 3383 1101 3471 ἐπιχωρίοις
1115 3403 1142 3445 ³⁰

81 3481 178 3566 ήμῶν
205 3487 348 3567 βιβλίοις
374 3482 481 3573 ηὗρον
508 3488 559 3554 ὅτι
587 3487 668 3571 μετὰ
693 3488 886 3573 Φαραώθην
908 3492 968 3556 τὸν
992 3496 1101 3559 Σολο-
