2400 3840
550 155 675 205 οΓΔοΗ
1053 153 1119 216 255

93 313 238 396 ’Ἀχαβος
260 316 339 390 τοὺς
362 315 465 379 αὑτοῦ
488 315 675 400 προφήτας,
705 311 783 378 ὡσεὶ
806 317 1039 398 τετρακοσίους
1061 315 1121 380 τὸν

103 419 251 503 άριθμὸν
274 423 382 503 ὄντας,
407 419 577 486 ἐκέλευσεν
598 419 734 506 έρέσθαι
753 422 812 485 τὸν
830 421 914 484 θεὸν
934 420 964 484 εί
982 421 1121 485 δίδωσιν

102 526 191 612 αὐτῷ
210 525 480 615 στρατευσαμένῳ
501 524 554 591 ἐπὶ
569 525 716 591 ’Ἁδαδον
734 529 832 608 νίκην
849 524 905 591 καὶ
923 528 1121 610 καθαίρεσιν

101 640 160 714 τής
178 634 315 713 πόλεως,
335 629 379 695 δι’
396 632 439 715 ἣν
459 630 611 717 ἐκφέρειν
629 631 740 716 μέλλει
755 633 814 697 τὸν
827 634 982 715 πόλεμον.
1011 631 1120 716 <402>

71 763 85 804 ε
101 748 170 801 τῶν
189 734 227 801 δὲ
244 749 427 823 προφητῶν
446 738 768 823 συμβουλευσάντων
782 736 1014 824 ἐκστρατεῦσαι
1028 735 1121 823 (κρα-

100 845 215 924 τήσειν
238 844 300 928 γάρ
324 852 384 908 τοῦ
403 846 521 931 Σύρου
544 842 599 909 καὶ
622 845 788 927 λήψεσθαι
807 845 910 909 αὐτὸν
928 844 1120 930 ὑποχείριον

101 949 148 1024 ὡς
174 947 229 1012 καὶ
257 952 294 1014 τὸ
322 950 471 1037 πρῶτον)
500 948 612 1026 συνεὶς
639 949 675 1015 έκ
700 960 768 1015 τῶν
791 952 901 1031 λόγων
921 947 1120 1034 Ἰωσάφατος

101 1056 152 1120 ὅτι
175 1057 451 1141 ψευδοπροφῆται
474 1056 708 1140 τυγχάνουσιν,
733 1055 875 1121 ἐπύθετο
899 1064 959 1120 τοῦ
980 1053 1120 1140 Ἀχάβου

102 1164 135 1225 εί
158 1159 213 1226 καὶ
241 1161 352 1249 ἕτερός
374 1186 424 1239 τις
452 1165 520 1227 ἔστι
547 1163 719 1248 προφήτης
745 1170 805 1227 τοῦ
828 1169 928 1245 θεοῦ,
958 1160 1001 1226 ἵν’
1028 1161 1120 1247 άκρι-

56 1292 87 1332 ιο
102 1266 260 1352 βέστερον
287 1269 449 1352 μάθωμεν
475 1267 551 1354 περὶ
577 1279 646 1333 τῶν
668 1271 866 1352 μελλόντων.
913 1269 1021 1351 <403>
1044 1268 1061 1332 ὁ
1086 1266 1116 1331 δ’

93 1372 237 1457 ’Ἁχαβος
256 1369 342 1438 εἶναι
361 1370 422 1458 μὲν
441 1377 516 1460 ἔφη,
539 1385 649 1459 μισεῖν
668 1373 698 1438 δ’
716 1374 820 1440 αὐτὸν
837 1375 920 1440 κακά
933 1375 1120 1460 προφητεῦ-

104 1495 217 1562 σαντα,
235 1477 290 1543 καὶ
309 1483 510 1565 προειπόντα
529 1481 579 1546 ὅτι
597 1479 791 1564 τεθνήξεται
809 1477 961 1563 νικηθεὶς
979 1480 1044 1544 ὑπὸ
1059 1488 1119 1543 τοῦ

103 1587 229 1670 Σύρων
252 1585 425 1670 βασιλέως·
449 1585 504 1652 καὶ
528 1588 584 1652 διά
606 1584 696 1652 τοῦτ’
718 1586 755 1651 έν
778 1593 910 1671 φυλακή
933 1594 998 1650 νῦν
1016 1585 1120 1649 αὐτὸν

103 1696 201 1776 ἔχειν,
224 1697 400 1757 καλεῖσθαι
424 1689 461 1757 δὲ
483 1695 646 1777 Μιχαίαν,
668 1693 746 1757 υίὸν
765 1690 959 1776 Ἰεμβλαίου.
1001 1701 1061 1756 τοῦ
1086 1688 1116 1754 δ’

55 1824 86 1861 15
98 1797 305 1882 Ἰωσαφάτου
323 1800 539 1875 κελεύσαντος
557 1798 659 1864 αὐτὸν
676 1805 900 1884 προαχθῆναι,
918 1797 1048 1882 πέμψας
1067 1796 1119 1860 εῦ-

101 1914 227 1988 νοῦχον
250 1907 322 1988 άχει
345 1907 405 1970 τὸν
422 1907 583 1989 Μιχαίαν.
621 1905 730 1989 <4Ο4>
754 1905 836 1969 κατά
859 1899 896 1967 δὲ
919 1903 980 1985 τήν
1000 1901 1118 1966 ὁδὸνὸ

103 2011 262 2096 εὐνοῦχος
281 2010 447 2094 ἐδήλωσεν
465 2009 553 2099 αὐτῷ
571 2009 697 2087 πάντας
714 2012 793 2085 τοὺς
811 2011 933 2084 άλλους
946 2007 1120 2092 προφήτας

101 2120 201 2199 νίκην
226 2127 272 2205 τῷ
300 2121 432 2202 βασιλεῖ
456 2115 698 2203 προειρηκέναι.
744 2116 761 2181 ὃ
791 2113 821 2179 δ’
847 2114 909 2179 οὐκ
932 2112 1007 2192 ἐξὸν
1030 2112 1119 2200 αὐτῷ

101 2225 371 2305 καταψεύδεσθαι
402 2233 463 2289 τοῦ
494 2231 579 2290 θεοῦ
607 2224 726 2307 φήσας,
753 2220 825 2289 ἀλλ’
855 2221 944 2307 ἐρεῖν
972 2221 990 2286 ὅ
1017 2244 1050 2286 τι
1077 2218 1119 2284 άν

56 2353 86 2390 20
101 2329 192 2417 αὐτῷ
214 2327 289 2415 περὶ
312 2338 372 2395 τοῦ
395 2329 557 2415 βασιλέως
579 2328 679 2407 αὐτὸς
702 2335 787 2414 είπη,
811 2330 857 2406 ὡς
877 2323 936 2411 ήκε
958 2329 1042 2414 πρὸς
1060 2327 1119 2391 τὸν

92 2435 240 2519 ’Ἄχαβον
271 2434 326 2500 καὶ
358 2435 468 2520 λέγειν
495 2436 584 2524 αὐτῷ
611 2432 755 2521 τάληθὲς
782 2430 880 2512 οὗτος
908 2433 1119 2521 ἐνωρκίσατο,

102 2541 208 2620 δεῖξαι
231 2544 289 2607 τὸν
312 2544 396 2607 θεὸν
419 2542 508 2629 αὐτῷ
531 2544 609 2618 τοὺς
629 2539 831 2624 Ἰσραηλίτας
849 2542 1036 2624 φεύγοντας
1054 2541 1118 2621 ἔφη

101 2645 158 2713 καὶ
178 2647 401 2733 διωκομένους
416 2648 480 2713 ὑπὸ
495 2657 563 2712 τῶν
578 2648 701 2732 Σύρων
714 2643 770 2711 καὶ
784 2641 1119 2729 διασκορπιζομένους

101 2751 159 2819 ὑπ’
186 2753 296 2819 αὐτῶν
324 2756 372 2831 είς
398 2755 437 2818 τά
465 2756 526 2838 ὄρη
554 2753 705 2837 καθάπερ
729 2747 897 2835 ποιμένων
919 2745 1118 2835 ἠρημωμένα

58 2879 88 2920 25
102 2862 250 2942 ποίμνια.
284 2860 393 2944 (405)
413 2858 506 2942 ἔλεγέ
521 2882 557 2924 τε
576 2861 750 2942 σημαίνειν
768 2860 847 2933 τοὺς
865 2852 926 2940 μὲν
944 2851 1013 2938 μετ’
1031 2853 1119 2938 είρή-
1156 2855 1159 2859 ’

101 2990 164 3047 νης
182 2965 402 3052 ἀναστρέψειν
421 2969 468 3044 είς
486 2967 525 3031 τά
545 2966 625 3048 ίδια,
647 2969 821 3029 πεσεῖσθαι
841 2959 871 3026 δ’
893 2960 996 3026 αὐτὸν
1014 2961 1118 3044 μόνον

103 3070 140 3135 έν
163 3081 202 3156 τῇ
226 3073 322 3157 μάχη.
358 3081 460 3138 ταῦτα
479 3073 648 3156 φήσαντος
665 3078 725 3135 τοῦ
743 3071 885 3153 Μιχαία,
906 3069 990 3153 πρὸς
1009 3063 1118 3129 Ἰωσά-

102 3201 212 3260 φατον
240 3178 422 3264 ὁἍχαβος
449 3176 534 3244 (ἀλλ’
560 3180 662 3260 ἔγωγε
689 3178 809 3261 μικρὸν
832 3178 1022 3259 ἔμπροσθεν
1044 3171 1118 3254 ἐδή-

103 3284 194 3348 λωσά
218 3301 270 3349 σοι
291 3285 352 3367 τήν
370 3282 584 3370 τάνθρώπου’
604 3289 689 3367 φησί
705 3281 799 3367 επρός
817 3304 857 3365 με
875 3278 1040 3360 διάθεσιν,
1062 3273 1118 3341 καὶ

60 3409 89 3449 το
103 3390 154 3454 ὅτι
178 3413 234 3473 μοι
257 3390 297 3453 τά
319 3395 419 3476 χείρω
439 3386 691 3475 προυφήτευσε.’
727 3387 835 3470 <406>
854 3395 914 3452 τοῦ
932 3381 970 3450 δὲ
987 3385 1117 3468 Μιχαία

176 3517 256 3576 §402
277 3510 428 3578 =3Reg.
448 3505 862 3574 xxl1632Para1.XV1115.
