2400 3840
118 142 184 206 316
491 144 767 196 APxAJOAorlAz

119 307 263 390 Περσίδι
276 307 424 390 ποταμὸς
437 301 527 370 τοῦτ’
544 307 629 390 ἔχων
642 302 805 389 τοῦνομα)
817 304 1018 393 κατῴκισεν
1036 309 1084 383 είς
1096 305 1142 387 την

120 412 315 497 Σαμάρειαν
327 408 383 477 καὶ
397 411 459 494 τὴν
472 423 541 476 τῶν
549 409 761 496 Ἰσραηλιτῶν
775 412 902 496 χώραν.
926 413 1046 495 <280>
1057 408 1143 499 μετά
1166 472 1168 503 3

118 535 225 600 κησαν
247 512 310 582 οὖν
333 517 371 581 αί
386 515 466 581 δέκα
485 514 589 600 φυλαί
607 528 676 581 τῶν
691 514 910 602 Ἰσραηλιτῶν
933 517 975 583 ἐκ
998 528 1062 602 τῆς
1076 516 1143 582 Ἰου

120 625 216 700 δαίας
232 621 301 707 μετ’
319 623 403 689 ἐτῶν
419 621 567 708 ἀριθμὸν
586 621 769 688 ἐνακοσίων
786 624 1044 710 τετταράκοντα
1065 621 1142 705 ἑπτά
1171 648 1172 651 ’

119 727 178 815 ἀφ’
212 725 253 796 οὗ
284 732 409 817 χρόνον
440 730 503 813 την
534 734 708 812 Αίγυπτου
740 728 938 808 ἐξελθόντες
971 731 1090 796 αὐτῶν
1117 728 1160 792 ολι

119 840 281 922 πρόγονοι
312 836 412 919 τήνδε
443 835 604 920 κατέσχον
634 835 697 918 την
732 837 844 920 χώραν
877 845 1143 922 στρατηγοῦντος
1177 873 1178 877 =

116 939 226 1024 Ἰησοῦ
255 941 352 1023 [ἐτῶν
374 940 605 1028 ὀκτακοσίων]·
633 939 692 1026 ἀφ’
719 937 760 1007 οὗ
787 939 819 1006 δ’
844 941 1062 1021 ἀποστάντες
1086 942 1141 1008 άπὸ

116 1046 296 1130 Ῥοβοάμου
323 1055 383 1112 τοῦ
411 1049 566 1113 Δαυίδου
593 1050 721 1115 υίωνοῦ
752 1048 814 1131 την
845 1052 1031 1133 βασιλείαν
1054 1048 1141 1133 Ἱερο-

120 1153 232 1240 βοάμςο
262 1151 466 1238 παρέδοσαν,
499 1155 545 1231 ὥς
576 1179 633 1240 μοι
664 1153 720 1221 καὶ
751 1157 916 1241 πρότερον
949 1156 1140 1239 δεδήλωται,

119 1259 175 1340 ἔτη
203 1255 272 1323 ἐστὶ
300 1259 453 1359 διακόσια
479 1261 734 1348 τετταράκοντα,
766 1270 867 1346 μῆνες
893 1259 995 1345 ἑπτά,
1027 1205 1186 1351 ἡμέραν]

120 1361 210 1430 ἑπτά.
256 1366 373 1450 (281)
401 1363 457 1431 καί
479 1363 574 1443 τέλος
595 1363 658 1451 μὲν
684 1370 763 1444 τοὺς
782 1365 988 1452 Ἰσραηλίτας
1014 1377 1139 1434 τοιοῦτο
1183 1375 1186 1442 ἶ

119 1470 278 1557 κατέλαβε
300 1473 514 1557 παραβάντας
539 1475 617 1549 τοὺς
640 1476 765 1558 νόμους
786 1469 843 1538 καὶ
864 1475 1140 1558 παρακούσαντας
1185 1461 1186 1464 ¹

118 1585 188 1641 τῶν
209 1589 401 1662 προφητῶν,
425 1581 460 1642 οἳ
480 1579 668 1662 προύλεγον
688 1579 814 1662 ταύτην
836 1578 952 1654 αὐτοῖς
975 1580 1042 1663 τὴν
1066 1597 1140 1664 συμ

119 1682 230 1767 φοράν
253 1681 296 1766 μη
319 1682 546 1768 παυσαμένοις
567 1695 636 1749 τῶν
658 1683 883 1768 ἀσεβημάτων.
927 1686 1044 1768 <282>
1068 1683 1140 1772 ἦρξε

120 1784 151 1851 δ’
182 1787 295 1866 αὐτοῖς
322 1799 390 1854 τῶν
417 1801 529 1855 κακῶν
560 1789 581 1874 ἡ
611 1791 725 1867 στάσις
755 1789 799 1873 ἣν
826 1787 1029 1856 ἐστασίασαν
1062 1795 1141 1879 πρὸς
1150 1807 1167 1848 1⁵

115 1891 295 1981 Ῥοβόαμον
318 1898 378 1961 τὸν
401 1898 556 1961 Δαυίδου
582 1898 723 1981 υίωυόν,
748 1895 960 1982 Ἱεροβόαμον
983 1898 1047 1963 τὸν
1070 1900 1141 1964 τού-

118 2024 179 2065 του
208 2003 332 2069 δοῦλον
360 1999 488 2068 ἑαυτῶν
516 2001 749 2080 ἀποδείξαντες
776 1999 928 2088 βασιλέα,
960 2001 1000 2081 ὃς
1030 2007 1081 2081 είς
1107 2007 1140 2070 τὸ

117 2112 216 2170 θεῖον
240 2106 431 2193 ἐξαμαρτὼν
454 2106 579 2193 ἐχθρὸν
602 2108 717 2185 αὐτοῖς
734 2107 823 2174 τοῦτ’
846 2107 981 2191 ἐποίησε
1000 2128 1141 2195 μιμησα-

118 2208 232 2292 μένοις
253 2212 315 2292 την
339 2210 468 2276 ἐκείνου
491 2217 712 2296 παρανομίαν.

184 2312 256 2378 ἀλλ’
287 2315 305 2378 ὁ
333 2311 395 2399 μὲν
421 2311 462 2397 ἧς
492 2311 536 2398 ἦν
567 2315 664 2399 άξιοςι
691 2319 800 2404 δίκης,
831 2323 955 2404 ταύτην
981 2322 1173 2407 ὑπέσχειΜ0

82 2420 227 2502 2<283>
251 2419 269 2485 ὁ
294 2417 331 2486 δέ
354 2432 421 2486 τῶν
440 2419 625 2508 Ἀσσυρίωυ
648 2427 804 2507 βασιλεὺς
832 2426 957 2511 ἐπῆλθε
983 2436 1140 2514 πολεμῶν

117 2529 178 2610 την
201 2550 237 2592 τε
255 2531 389 2615 Σωρίαν
411 2537 522 2594 πᾶσαν
544 2526 599 2594 καί
625 2533 798 2615 Φοινίκην,
821 2536 859 2597 τό
881 2530 911 2597 τ’
933 2536 1041 2617 ὄνομα
1064 2538 1140 2602 τού-

117 2658 178 2700 του
201 2644 261 2701 τοῦ
285 2635 445 2721 βασιλέως
468 2635 505 2701 έν
527 2648 598 2714 τοῖς
625 2640 758 2724 Τυρίων
784 2637 930 2723 ἀρχείοις
954 2638 1139 2728 ἀναγέγρα-

117 2763 209 2807 πται·
238 2741 433 2830 ἐστράτευσε
459 2746 522 2830 γάρ
552 2741 605 2809 ἐπὶ
632 2745 743 2830 Τύρον
765 2745 1001 2827 βασιλεύοντος
1024 2747 1140 2824 αὐτοῖς

114 2845 319 2914 Ἐλουλαίου.
356 2861 518 2936 μαρτυρεῖ
535 2846 572 2914 δὲ
590 2851 721 2926 τούτοις
738 2846 793 2915 καὶ
811 2847 1015 2935 Μένανδρος
1033 2853 1051 2917 ὁ
1071 2865 1138 2919 τῶν
1151 2869 1175 2910 2⁵

116 2965 281 3038 χρονικῶν
303 2956 525 3040 ποιησάμενος
547 2958 609 3037 την
628 2955 826 3040 ἀναγραφὴν
848 2953 903 3020 καὶ
923 2958 964 3021 τά
982 2970 1051 3024 τῶν
1075 2964 1138 3026 Τυ-

117 3064 200 3143 ρίων
223 3060 338 3146 ἀρχεῖα
361 3060 573 3144 μεταφράσας
602 3063 649 3136 είς
676 3061 737 3143 την
757 3059 952 3145 Ἑλληνικὴν
974 3069 1138 3150 γλῶτταν,

117 3166 154 3242 ὃς
181 3166 287 3240 οὕτως
315 3164 468 3245 έδηλωσε.
513 3163 632 3247 <284>
661 3163 728 3230 ‘nal
747 3164 953 3249 Ἐλουλαῖος,
981 3169 1138 3254 θεμένων

117 3270 205 3360 αὐτῷ
224 3271 321 3346 Πύας
343 3272 459 3354 ὄνομα,
482 3267 695 3353 ἐβασίλευσεν
719 3274 774 3355 ἔτη
796 3274 975 3358 τριάκοντα
993 3274 1037 3352 έξ.
1079 3272 1137 3341 οὗ·

116 3399 172 3452 τος
209 3375 423 3441 ἀποστάντων
459 3377 627 3440 Κιτταίων
663 3376 871 3453 ἀναπλεύσας
906 3382 1135 3466 προσηγάγετο
1150 3401 1176 3441 ω

188 3499 268 3560 ςωο
289 3521 322 3541 =
342 3495 442 3563 ιρις.
456 3495 534 3549 xvu
549 3500 593 3552 ει.
