2400 3840
115 127 180 193 162
377 209 383 221 .
484 128 758 179 APmvomz

113 287 169 356 καὶ
192 289 328 355 πάντων
350 299 418 354 τῶν
436 288 616 373 ἀρχόντων.
657 285 713 353 καὶ
731 285 752 370 ἡ
770 287 883 371 πρώτη
903 283 966 371 μὲν
985 287 1133 372 ἀναβᾶσα

113 398 236 484 πατριδι
260 395 387 483 ἐγράφη
410 396 537 480 πρώτη,
564 394 585 479 ἡ
613 392 650 460 δέ
678 393 816 480 δευτέρα
839 393 1040 470 ἀκολούθως
1062 396 1133 480 άχρι

114 515 183 570 τῶν
206 510 309 569 είκοσι
331 501 505 589 τεττάρων.
550 499 606 567 καὶ
629 499 795 586 διέμεινεν
817 495 916 577 οὗτος
939 500 1133 587 όμερισμδς

114 613 190 696 άχρι
214 619 273 694 της
296 611 441 696 σὴμερον
463 606 595 695 ἡμέρας.
640 608 750 692 <367>
774 606 907 690 ἐποίησε
936 603 974 671 δέ
999 605 1057 671 καὶ
1080 615 1133 690 τῆς

115 717 292 793 Λευίτιδος
314 720 424 800 φυλῆς
447 719 551 780 εἴκοσι
574 712 656 800 μέρη
679 711 734 778 καὶ
758 712 906 799 τέτταρα,
929 709 985 776 καὶ
1009 718 1155 798 κληρωε

115 821 269 908 σαμένων
295 823 378 886 κατὰ
404 823 464 886 τὸν
490 819 595 886 αύτδν
622 818 790 904 ἀνέβησαν
816 821 943 904 τρόπον
969 829 1046 895 ταῖς
1070 829 1133 884 τῶν

117 927 234 1014 ίερέων
261 925 459 1012 ἐφημερίσιν
482 924 536 1011 ἐφ’
561 925 686 1016 ἡμέρας
712 926 806 992 όκτώ.
851 927 931 1002 τοὺς
957 921 987 989 δ’
1016 925 1133 1009 ἀπογό-

115 1059 197 1110 νους
219 1036 297 1109 τοὺς
314 1032 479 1110 Μωυσέος
502 1032 667 1118 ἐτίμησεν·
691 1031 825 1116 ἐποίησε
848 1033 911 1118 γάρ
930 1030 1057 1110 αύτούς
1076 1033 1133 1116 φύ-

116 1145 217 1216 λακας
238 1148 307 1204 τῶν
329 1145 513 1224 δησαυρῶν
539 1149 600 1206 τοῦ
622 1146 707 1205 θεοῦ
733 1137 789 1204 καὶ
816 1150 884 1204 τῶν
909 1138 1133 1223 ἀναθημάτων

116 1245 137 1310 δ
165 1244 289 1331 συνέβη
317 1249 394 1323 τοὺς
421 1249 569 1330 βασιλεῖς
595 1245 783 1311 ἀναθεῖναι.
834 1241 1030 1322 διέταξεδέ
1058 1255 1164 1311 πάσιιι

116 1365 187 1430 τοῖς
206 1352 241 1418 ἐκ
258 1362 317 1438 τῆς
333 1353 509 1430 Λευίτιδος
527 1357 637 1437 φυλῆς
654 1349 709 1417 καὶ
727 1364 798 1430 τοῖς
817 1353 941 1438 ίερεῦσι
961 1353 1135 1418 δουλεύειν

116 1460 199 1524 κατά
213 1460 316 1524 νύκτα
330 1456 385 1524 καὶ
403 1456 530 1545 ἡμέραν
547 1467 593 1547 τςό
607 1464 688 1546 θεῷ,
705 1459 820 1534 καθὼς
838 1457 952 1534 αὐτοῖς
971 1457 1135 1525 ἐπέστειλε

117 1569 277 1648 Μωυσῆς.
448 1568 450 1571 ’

83 1694 99 1744 8
186 1670 295 1754 <368>
323 1671 402 1754 μετά
429 1679 532 1736 ταῦτα
560 1668 725 1757 διεμέρισε
751 1679 861 1735 πᾶσαν
888 1671 950 1754 τὴν
978 1673 1136 1756 στρατιάν

119 1780 167 1854 είς
190 1777 318 1843 δώδεκα
341 1780 459 1862 μοίρας
482 1780 545 1843 σὺν
567 1776 704 1861 ἡγεμόσι
727 1776 782 1842 καὶ
806 1775 1061 1862 ἑκατοντάρχοις
1084 1775 1136 1842 καὶ
1149 1795 1169 1836 15

118 1883 313 1972 ταξιάρχοις.
359 1879 425 1969 εἶχε
446 1881 477 1949 δ’
499 1881 616 1966 ἑκάστη
634 1894 703 1949 τῶν
720 1894 848 1970 μοιρῶν
866 1884 1067 1970 δισμυρίους
1085 1882 1137 1949 καὶ

118 1994 414 2079 τετρακισχιλίους,
438 1986 486 2056 ών
509 1989 659 2057 ἐκέλευσε
681 1991 919 2077 προσεδρεύειν
941 1993 1024 2055 κατά
1046 1990 1138 2076 τριά-

118 2096 216 2161 κονθ’
237 2096 361 2182 ἡμέρας
384 2097 447 2163 άπὸ
470 2106 529 2181 τὴς
551 2098 682 2184 πρώτης
705 2097 847 2181 ἕωςτὴς
869 2096 1012 2179 ὑστάτης
1031 2102 1138 2162 Σολο-

119 2211 205 2284 μῶνι
221 2212 266 2288 τῷ
285 2205 415 2285 βασιλεῖ
433 2204 495 2266 σὺν
513 2214 584 2278 τοϊς
601 2202 785 2287 χιλιάρχοις
802 2202 857 2267 καὶ
877 2201 1137 2287 ἑκατοντάρχοις.

119 2304 227 2388 <369>
255 2305 431 2389 κατέστησε
464 2303 501 2370 δέ
528 2305 583 2372 καὶ
610 2310 755 2394 άρχοντα
783 2307 920 2391 ἑκάστης
946 2312 1065 2394 μοίρας
1099 2309 1138 2374 ὃν
1151 2328 1174 2368 ιο

55 2477 60 2487 ,
120 2410 252 2494 ἀγαθὸν
270 2409 342 2497 ᾔδει
360 2409 416 2477 καὶ
435 2413 576 2496 δίκαιον,
597 2413 795 2501 ἐπιτρόπους
814 2428 934 2482 τετῶν
951 2422 1138 2502 θησαυρῶν

119 2514 174 2582 καὶ
201 2529 322 2602 κωμῶν
350 2517 405 2585 καὶ
433 2519 546 2608 άγρῶν
573 2521 709 2605 ἄλλους,
741 2519 796 2586 καὶ
823 2534 968 2605 κτηνῶν,
1001 2517 1049 2587 ὧν
1077 2522 1138 2587 οὐκ

120 2624 303 2709 ἀναγκαῖον
324 2626 497 2714 ἡγησάμην
519 2636 717 2715 μνησθῆναι
733 2641 801 2695 τῶν
824 2628 1006 2713 ὀνομάτων.

85 2754 102 2802 9
188 2733 294 2816 <370>
315 2735 360 2811 ώς
378 2733 408 2799 δ’
430 2734 549 2801 ἕκαστα
571 2737 699 2802 τούτων
719 2737 800 2800 κατά
818 2736 877 2800 τὸν
895 2733 1138 2820 προειρημένον

122 2837 248 2918 διέταξε
270 2845 404 2925 τρόπον,
428 2844 476 2918 είς
499 2841 674 2924 ἐκκλησίαν
696 2839 900 2923 συγκαλέσας
922 2843 1001 2918 τοὺς
1019 2843 1138 2926 άρχον-
1151 2859 1175 2901 2⁵

121 2969 180 3021 τας
201 2956 268 3009 τῶν
286 2943 450 3030 Ἑβραίων
477 2945 531 3010 καὶ
559 2950 637 3022 τοὺς
664 2946 857 3031 φυλάρχους
884 2944 939 3011 καὶ
962 2950 1041 3024 τοὺς
1063 2948 1138 3031 ἡγε-

122 3053 225 3135 μόνας
247 3061 315 3114 τῶν
337 3047 532 3135 διαιρέσεων
559 3049 613 3115 καὶ
636 3054 715 3128 τοὺς
743 3051 796 3118 ἐπὶ
818 3053 924 3136 πάσης
946 3054 1095 3140 πράξεως
1117 3054 1138 3137 ἡ

120 3157 265 3238 κτὴσεως
277 3165 337 3222 τοῦ
352 3156 513 3241 βασιλέως
526 3155 754 3243 τεταγμένους,
769 3161 847 3236 στάς
861 3157 913 3245 ἐφ’
926 3161 1138 3244 ὑψηλοτάτου

121 3263 266 3344 βήματος
285 3264 302 3330 ὁ
320 3265 474 3348 βασιλεὺς
492 3263 579 3343 ἔλεξε
596 3264 679 3350 πρὸς
696 3266 734 3328 τὸ
753 3271 883 3351 πλῆθος
902 3267 1011 3351 <371>
1031 3267 1137 3334 “άδελ-

122 3363 181 3448 φοί
205 3366 259 3430 καὶ
283 3369 469 3455 ὁμοεθνεῖς,
492 3371 668 3454 γινώσκειν
689 3370 775 3455 ὑμᾶς
798 3374 960 3457 βούλομαι
984 3374 1035 3438 ὅτι
1054 3377 1138 3440 ναὸν
1151 3392 1175 3432 ³0

193 3489 280 3548 §806
300 3514 333 3535 =
354 3490 476 3547 lParal.
493 3491 584 3546 XXIV
598 3496 623 3546 ό.
696 3496 783 3558 §368
804 3520 837 3540 =
858 3494 978 3548 1Paral.
998 3494 1101 3551 XXVII
1113 3503 1135 3552 1.

430 3744 556 3776 *-
