2400 3840
554 167 678 218 ENATH
1056 164 1122 230 299

103 320 160 407 (ού
182 323 245 408 γάρ
269 321 312 387 ἀν
334 333 432 388 τοῦτο
456 331 580 390 παθεῖν
607 326 651 410 μη
678 324 996 411 κατεγνωσμένους),
1025 324 1122 410 ἐπήλ-

102 437 170 495 θον
193 427 298 495 αὐτοῦ
321 439 360 514 τῇ
383 433 544 518 βασιλείᾳ,
566 429 621 496 καλ
641 429 736 518 μέχρι
755 433 985 517 Βηθσεμήρων
1003 438 1122 517 προελ-

100 539 223 612 θόντες
246 535 434 618 διήρπασαν
456 535 518 617 τήν
540 537 667 622 χώραν,
694 535 748 602 καὶ
776 539 882 602 πολλὰ
910 533 971 621 μὲν
999 539 1120 620 ἔλαβον

100 642 273 725 ὑποζύγια,
295 645 500 726 τρισχιλίους
523 639 554 706 δ’
580 642 784 728 ἀνθρώπους
806 641 1011 708 ἀπέκτειναν.

73 773 87 812 ε
169 747 278 832 <193>
300 745 454 832 Ἀμασίας
477 745 515 813 δέ
538 757 577 834 τῇ
600 753 676 835 νίκη
698 748 753 816 καὶ
774 761 844 826 τοῖς
861 751 1119 836 κατορθώμασιν
1137 776 1154 823 2

102 851 261 938 ἐπαρθεὶς
282 855 342 918 τὸν
365 850 426 937 μὲν
449 854 577 919 τούτων
600 860 708 920 αίτιον
729 856 817 943 αὐτῷ
835 857 919 921 θεὸν
937 859 1120 940 γενόμενον

99 961 270 1044 ὑπερορᾶν
296 958 431 1046 ήρξατο,
462 959 521 1036 οὓς
549 958 579 1022 δ’
612 959 647 1025 ἐκ
677 971 736 1045 της
760 959 984 1047 Ἀμαληκιτῶν
1010 964 1120 1047 χώρας

100 1065 242 1150 ἐκόμισε,
265 1067 404 1142 τούτους
426 1068 604 1150 σεβόμενος
628 1066 775 1134 διετέλει.
820 1070 1020 1154 προσελθὼν
1043 1066 1074 1132 δ’
1101 1068 1119 1134 ὁ

99 1172 273 1255 προφήτης
300 1170 389 1260 αὐτῷ
416 1171 600 1256 θαυμάζειν
628 1175 754 1256 ἔλεγεν,
783 1174 901 1257 <194>
928 1177 959 1240 εί
980 1175 1120 1251 τούτους

56 1303 85 1342 10
99 1277 227 1360 ἡγεῖται
246 1279 348 1353 θεοὺς
367 1281 403 1342 οἳ
420 1260 499 1354 τοὺς
518 1279 635 1362 ἰδίους,
656 1277 734 1365 παρ’
756 1271 807 1356 οἷς
826 1278 995 1364 ἐτιμῶντο,
1014 1278 1119 1364 μηδὲν

101 1385 249 1466 ώνησαν,
272 1381 349 1466 μηδ’
375 1381 411 1448 ε’κ
432 1395 554 1470 χειρῶν
578 1384 760 1471 ἐρρύσαντο
783 1397 852 1451 τῶν
875 1385 1019 1470 ἐκείνου,
1043 1384 1116 1451 ἀλλ’

99 1489 277 1573 ὑπερεῖδον
300 1491 445 1567 πολλούς
466 1487 496 1555 τ’
518 1491 628 1557 αὐτῶν
649 1490 900 1577 ἀπολλυμένους
921 1490 977 1557 καὶ
996 1493 1119 1570 αὑτοὺς

100 1593 438 1678 αίχμαλωτισθέντας·
452 1599 650 1680 κεκομίσθαι
664 1599 727 1682 γάρ
738 1595 1002 1684 είςἸεροσόλυμα
1011 1601 1118 1688 τούτῳ

98 1709 145 1787 τῶ
164 1702 285 1790 τρόπῳ,
305 1701 420 1778 καθὼς
438 1702 481 1765 ἀν
498 1725 549 1779 τις
567 1713 634 1767 τῶν
652 1707 819 1787 πολεμίων
838 1705 932 1781 τινάς
951 1706 1118 1790 ζωγρήσας

55 1830 84 1870 15
99 1806 213 1889 ήγαγε.
263 1806 386 1891 <195>
415 1815 460 1893 τῷ
491 1803 528 1871 δὲ
560 1810 692 1891 βασιλεῖ
719 1805 810 1872 ταῦτ’
843 1809 948 1892 ὀργήν
978 1809 1118 1894 ἐκίνησε,

98 1910 155 1976 καὶ
178 1910 378 1997 προσέταξεν
404 1911 546 1997 ἡσυχίαν
568 1915 664 1994 ἀγειν
685 1916 746 1979 τὸν
767 1915 958 2000 προφήτην,
986 1915 1119 1997 ἀπειλή-

100 2034 161 2094 σας
183 2017 286 2085 αύτὸν
308 2018 463 2084 κολάσειν
481 2016 523 2082 ἀν
541 2023 811 2105 πολυπραγμονῇ.
847 2017 903 2084 καὶ
922 2019 940 2084 ὃ
959 2017 1020 2105 μὲν
1038 2020 1119 2104 ἡσυ-

99 2125 210 2208 χάζειν
237 2119 342 2207 εἶπεν,
371 2124 431 2189 ούκ
459 2123 635 2209 ἀμελήσειν
658 2122 689 2188 δ’
716 2119 764 2190 ὧν
790 2123 1010 2213 ἐπικεχείρηκε
1037 2150 1118 2192 νεω-

98 2234 238 2315 τερίζειν
251 2232 311 2295 τὸν
324 2232 409 2295 θεὸν
423 2231 615 2316 προύλεγεν.
638 2231 748 2315 <196>
754 2228 908 2317 Ἀμασίας
923 2229 960 2326 δὲ
968 2231 1118 2318 κατέχειν

54 2358 83 2398 20
99 2337 203 2401 αὑτὸν
226 2333 279 2400 ἐπὶ
301 2344 374 2411 ταίς
396 2335 591 2421 εὐπραγίαις
612 2336 654 2402 οὑ
673 2338 868 2424 δυνάμενος,
892 2339 931 2417 ἀς
950 2342 1039 2425 παρά
1056 2348 1117 2405 τοῦ

98 2449 184 2507 θεοῦ
207 2443 319 2526 λαβὼν
338 2443 385 2518 είς
404 2442 506 2508 αὑτὸν
525 2441 703 2530 ἐξύβριζεν,
727 2443 810 2510 ἀλλά
830 2445 1117 2532 φρονηματισθεὶς

99 2551 245 2632 ἔγραψεν
264 2545 384 2636 Ἰωάσφ
408 2557 454 2635 τῷ
476 2559 544 2612 τῶν
564 2545 776 2633 Ἰσραηλιτῶν
800 2554 944 2634 βασιλεῖ,
971 2554 1117 2618 κελεύων

98 2653 282 2719 ὑπακούειν
304 2654 393 2741 αὐτῷ
416 2656 480 2718 σὺν
502 2650 601 2717 παντὶ
623 2662 669 2740 τῷ
692 2658 775 2741 λαῷ,
803 2655 848 2730 ῶς
874 2652 929 2719 καὶ
954 2659 1118 2741 πρότερον

98 2762 246 2843 ὑπήκουε
269 2770 339 2837 τοῖς
361 2762 540 2845 προγόνοις
558 2757 673 2842 αὑτοῦ,
694 2760 829 2844 Δαυίδη
851 2757 906 2825 καὶ
924 2765 1116 2846 Σολομῶνι·

54 2866 119 2949 τιή
147 2867 190 2950 μή
219 2868 427 2950 βουλόμενον
454 2865 693 2948 εὐγνωμονεῖν,
726 2864 851 2931 εἰδέναι
882 2865 1013 2957 πολέμφ
1041 2866 1117 2953 περὶ

97 2982 157 3055 της
179 2971 282 3056 ἀρχῆς
310 2973 621 3058 διακριθησόμενον.
666 2970 784 3054 <197>
811 2970 1017 3059 ἀντέγραφεν
1040 2971 1071 3037 δ’
1098 2974 1116 3040 ὁ

96 3077 228 3156 Ἰώασος
255 3078 342 3143 τάδε.
388 3077 555 3162 βασιλεὺς
574 3075 706 3154 Ἰώασος
733 3081 865 3162 βασιλεῖ
883 3076 1028 3167 Ἀμασίᾳ.
1073 3074 1117 3162 ἦν

97 3183 136 3249 ἐν
154 3195 200 3272 τῷ
219 3183 357 3272 Λιβάνῳ
376 3185 447 3268 όρει
464 3183 663 3268 κυπάριττος
680 3182 895 3268 παμμεγέθης
911 3183 967 3250 καὶ
985 3187 1116 3262 ἀκαυος.

97 3291 182 3374 αὕτη
210 3293 293 3374 πρὸς
320 3291 382 3373 τήν
408 3289 610 3374 κυπάριττον
636 3292 758 3374 έπεμψε
785 3288 1032 3375 μνηστευομένη
1055 3292 1117 3374 τήν

172 3433 254 3495 ςιεε
275 3455 308 3474 =
327 3425 542 3482 2Para1.xxv
557 3432 599 3482 13.
684 3432 765 3493 ςιοο
787 3454 820 3473 =
839 3427 1115 3499 2Para1.xxv17;

99 3517 200 3585 4Reg.
215 3516 281 3571 XIV
295 3520 319 3571 8.
