2400 3840
536 162 682 214 ΔΕΚΑΤΗ
1051 164 1115 230 331

97 321 145 405 μή
169 315 392 406 παραβάντων
409 324 492 398 τοὺς
514 320 680 399 Μωυσέος
706 325 830 407 νόμους
852 335 920 388 τῶν
942 328 1118 409 προγόνων

98 425 197 492 αύτολ
209 429 474 493 κινδυνεύσωσιν
483 428 661 493 ἀνάστατοι
675 427 843 512 γενέσθαι,
857 428 981 513 καὶτῆς
994 433 1124 508 οίκείας,

99 533 294 610 ἐκπεσόντες
317 532 367 599 ἐπ’
393 534 568 620 ἀλλοτρίας
591 536 706 619 ἔρημοι
733 535 868 599 πάντων
889 534 1118 620 καταστρέψω-

99 655 157 703 σιν
180 641 319 722 οἰκτρῶς
340 641 400 705 τὸν
423 643 508 724 βίον.
554 641 640 723 <60>
662 639 831 704 ἀκούσασα
854 639 884 705 δ’
909 641 929 723 ή
952 650 1118 727 προφῆτις
1183 676 1186 680 -

69 746 190 830 τπαρά
212 756 280 812 τῶν
297 744 521 830 πεμφθέντων
539 755 643 811 ταῦτα
661 743 706 811 δι’
727 738 839 812 αὐτῶν
860 741 907 812 ὧν
926 746 1118 813 ἀπέστειλεν

99 850 119 915 ὁ
150 852 320 934 βασιλεύς,
353 849 525 917 ἐκέλευσεν
556 852 678 929 αύτούς
707 851 915 929 ἀπελθόντας
947 854 1029 938 πρὸς
1058 854 1118 918 τὸν

98 955 239 1041 βασιλέα
266 955 376 1039 λέγειν
399 957 510 1022 ὅτιτὸ
534 953 595 1041 μὲν
618 964 715 1023 θεῖον
737 959 801 1040 ήδη
824 955 895 1023 κατ’
921 958 1033 1023 αὐτῶν
1055 967 1118 1042 ψή-

99 1085 170 1146 φον
191 1063 341 1146 ήνεγκευ,
363 1063 407 1146 ήν
428 1063 489 1147 οὐχ
509 1064 647 1140 ἱκεσίαις
664 1065 707 1128 ἀν
724 1087 775 1140 τις
795 1065 920 1150 ἀκυρον
938 1064 1117 1146 ποιήσειεν,

100 1166 260 1233 ἀπολέσαι
282 1170 343 1235 τὸν
360 1171 444 1235 λαὸν
461 1167 516 1234 καὶ
535 1177 594 1254 τής
610 1171 719 1255 χώρας
738 1168 890 1255 ἐκβαλεῖν
909 1168 964 1235 καὶ
983 1170 1118 1236 πάντων

56 1299 85 1339 ιο
100 1272 286 1357 ἀφελέσθαι
317 1287 385 1341 τῶν
416 1285 481 1341 νῦν
512 1279 688 1361 παρόντων
720 1275 874 1359 ἀγαθῶν,
905 1276 1118 1360 παραβάντας

100 1383 180 1457 τοὺς
205 1383 330 1465 νόμους
359 1379 417 1446 καὶ
443 1382 590 1472 τοσούτω
618 1381 739 1466 μεταξὺ
767 1385 877 1471 χρόνῳ
907 1381 951 1464 μή
981 1404 1117 1465 μετανο-

97 1488 259 1570 ήσαντας,
286 1497 355 1552 τῶν
381 1511 420 1570 γε
445 1499 627 1574 προφητῶν
654 1497 752 1553 τοῦτο
775 1487 1031 1572 παραινούντων
1054 1501 1118 1550 σω-

99 1604 242 1676 φρονεῖν
273 1591 328 1657 καλ
359 1593 421 1677 τήν
454 1591 507 1659 ἐπὶ
536 1605 607 1671 τοῖς
636 1592 817 1677 ἀσεβήμασι
846 1595 1009 1677 τιμωρίαν
1037 1613 1118 1677 προ-

99 1701 282 1782 λεγόντων,
309 1699 396 1782 <61>
419 1699 477 1782 ήυ,
504 1700 561 1764 ἵνα
583 1704 770 1765 πεισθῶσιν
793 1699 947 1774 ὅτιθεὸς
970 1699 1039 1763 έστι
1061 1692 1117 1760 καλ

56 1800 202 1880 ιεούἀὲν
226 1803 382 1882 ἐψεύδετο
405 1807 534 1870 τούτων
556 1799 605 1869 ὧν
631 1804 744 1880 αὐτοῖς
766 1804 823 1868 ἀιά
845 1815 914 1868 τῶν
935 1812 1117 1888 προφητῶν

98 1912 303 1994 κατήγγειλε,
325 1911 457 1988 πάντως
479 1911 594 1986 αὐτοῖς
616 1908 775 1976 ἐποίσειν·
804 1906 848 1973 δι’
872 1908 976 1974 αὐτὸν
1003 1907 1128 1992 μέντοιῚ

98 2018 232 2082 δίκαιον
254 2020 436 2102 γενόμενον
459 2014 590 2100 ἐφέξειν
613 2018 661 2080 έτι
682 2015 742 2091 τάς
764 2013 954 2099 συμφοράς,
976 2014 1056 2098 μετά
1080 2010 1117 2078 δὲ

96 2122 162 2204 τήν
181 2121 310 2188 ἐκείνου
327 2123 484 2206 τελευτήν
501 2123 542 2187 τά
559 2118 830 2206 κατεψηφισμένα
848 2120 1029 2205 παθήματα
1046 2130 1117 2195 τοῖς

99 2231 213 2313 όχλοις
235 2227 440 2314 ἐπιπέμψειν.

54 2358 84 2398 20
167 2335 255 2417 (62)
278 2338 313 2400 ολ
332 2330 394 2418 μὲν
422 2329 484 2400 οὖν
506 2343 565 2419 τῆς
586 2337 745 2418 γυναικὸς
769 2333 1043 2421 προφητενσάσης
1066 2330 1152 2397 έλ-3

98 2444 220 2517 θόντες
243 2440 447 2524 ἀπήγγειλαν
468 2450 514 2529 τῷ
537 2445 681 2525 βασιλεῖ·
706 2441 724 2507 ὃ
748 2437 786 2506 ἀὲ
807 2439 1014 2525 περιπέμψας
1035 2461 1118 2504 παν-

97 2555 204 2630 ταχοῦ
226 2547 286 2611 τὸυ
309 2548 391 2612 λαὸν
415 2544 565 2612 ἐκέλευσε
583 2551 762 2611 συνελθεῖν
781 2547 829 2621 είς
850 2547 891 2610 τά
905 2543 1117 2630 Ἱεροσόλυμα

96 2653 178 2728 τούς
201 2649 237 2716 θ’
260 2653 360 2736 ίερεῐς
380 2649 437 2716 καλ
459 2653 538 2727 τοὺς
556 2652 710 2731 Λευίτας,
732 2657 843 2713 πᾶσαν
860 2647 994 2729 ἡλικίαν
1015 2662 1118 2730 προσ-

98 2756 198 2835 τάξας
215 2768 379 2843 παρεῖναι.
420 2756 508 2838 <63>
528 2749 784 2840 ἀθροισθέντων
802 2750 967 2818 δ”αύτῶν
983 2762 1117 2836 πρῶτον

54 2885 83 2927 ει
99 2860 162 2947 μὲν
185 2863 299 2939 αὐτοῖς
321 2860 450 2944 ἀνέγνω
473 2861 532 2937 τάς
555 2860 645 2946 ίεράς
663 2863 811 2944 βίβλους,
834 2860 946 2922 ἔπειτα
967 2857 1045 2933 στάς
1063 2854 1117 2921 ἐπὶ

98 2977 160 3035 τοῦ
193 2969 338 3052 βήματος
366 2965 402 3032 έν
425 2964 513 3055 μέσφ
540 2975 587 3053 τῷ
613 2964 736 3047 πλήθει
764 2964 884 3050 ὅρκους
911 2961 1117 3044 ποιήσασθαι

98 3074 155 3142 καλ
182 3079 310 3151 πίστεις
335 3071 537 3155 ήνάγκασεν,
564 3065 585 3154 ή
609 3071 675 3155 μήν
701 3069 924 3155 θρησκεύσειν
949 3068 1009 3133 τὸν
1033 3069 1117 3132 θεὸν

97 3180 155 3247 καλ
179 3178 341 3264 φυλάξειν
362 3180 442 3253 τοὺς
459 3175 625 3254 Μωυσέος
647 3179 780 3261 νόμους.
817 3176 905 3260 <64>
925 3177 963 3238 οἳ
982 3169 1020 3238 δὲ
1037 3194 1119 3259 προ·
1152 3168 1158 3179 ’

99 3289 218 3372 θύμως
240 3283 269 3350 τ’
296 3282 460 3370 έπήνεσαν
482 3281 537 3348 καὶ
560 3283 600 3347 τά
622 3279 868 3368 παραινεθέντα
890 3280 955 3345 ὑπὸ
976 3289 1037 3345 τοῦ
1059 3282 1119 3363 βα-

55 3414 85 3455 οο
101 3391 219 3469 σιλέως
241 3390 394 3473 ποιήσειν
411 3386 611 3471 ὑπέστησαν,
633 3385 776 3464 θύοντές
793 3410 829 3451 τε
846 3395 1044 3472 παραχρῆμα
1062 3385 1117 3450 καλ

173 3518 238 3580 §60
255 3510 403 3579 ==4Reg.
417 3508 496 3564 XXII
512 3513 557 3575 153
576 3507 699 3563 2Paral.
713 3505 830 3562 XXXIV
844 3513 887 3562 23.
