2400 3840
124 117 191 182 234
495 115 769 198 APxA10A0rm:

123 279 169 356 ὡς
192 275 241 344 ἐπ’
268 278 410 361 ἀγαθοῖς
432 287 502 353 τοῖς
524 278 691 361 μεγίστοις
712 286 842 358 κακοῖς,
868 274 1009 366 ὀλέθρῳ
1034 275 1146 360 γένους
1182 260 1184 376 j

122 383 179 450 καὶ
202 387 309 461 οίκίας
331 383 492 470 ἀπωλείᾳ,
519 369 642 467 χείρων
664 379 794 464 ἐγένετο
817 379 874 446 καὶ
897 381 983 448 καθ’
1012 381 1147 466 ἑκάστην
1183 384 1184 431 3

122 489 248 577 ἡμέραν
271 491 380 574 ὥσπερ
400 487 548 570 ἀθλητής
564 490 680 564 κακίας
701 485 866 573 τοῖςπερὶ
884 488 1018 572 ταύτην
1036 492 1148 566 πόνοις
1183 506 1184 527 ³

121 599 325 681 προσετίθει.
369 595 479 677 (303)
496 591 552 659 καὶ
569 598 760 659 τελευταῖον
779 592 842 676 τήν
861 596 1029 680 στρατιὰν
1047 611 1148 682 παρα-

122 704 235 786 λαβὼν
271 702 372 768 πάλιν
408 699 534 784 ἐπῆλθε
569 702 664 766 πόλει
696 696 764 765 τινὶ
795 709 864 764 τῶν
895 700 963 764 οὐκ
995 700 1165 786 άφανῶν,ι

120 805 332 894 Ἀραμαθῶνι
354 808 511 891 τοῦνομα,
537 807 694 884 σταδίους
716 805 883 890 ἀπεχούσῃ
901 802 1147 892 Ἱεροσολύμων

122 915 372 1000 τετταράκοντα,
394 911 450 977 καὶ
472 915 739 997 καταλαβόμενος
761 910 867 994 αὐτήν
889 911 1048 997 ὠχύρου,
1072 936 1147 999 προ-

122 1020 308 1101 διεγνωκὼς
333 1024 527 1085 καταλιπεῖν
560 1017 596 1085 ίν
626 1018 709 1104 αὐτῇ
741 1019 901 1102 δύναμιν,
935 1016 984 1083 ἵν’
1018 1018 1146 1086 ἐκεῖθεν

122 1122 310 1208 ὡρμημένοι
332 1123 394 1207 τήν
414 1121 556 1189 Ἀσάνου
579 1127 751 1209 βασιλείαν
773 1124 961 1204 κακώσωσι.
1088 1117 1091 1120 ’

84 1250 103 1298 4
189 1230 308 1313 <304>
340 1227 505 1316 φοβηθεὶς
532 1227 563 1294 δ’
584 1227 727 1306 ’Ἀσανος
758 1229 820 1312 τήν
847 1227 1062 1317 ἐπιχείρησιν
1090 1241 1173 1298 ιούιι

120 1336 291 1422 πολεμίου,
309 1334 364 1402 καὶ
382 1336 601 1421 λογισάμενος
619 1336 664 1413 ῶς
681 1336 788 1401 πολλὰ
801 1336 960 1419 διαθήσει
980 1328 1070 1404 κακά
1088 1339 1144 1420 τὴν

120 1441 177 1509 ὑπ’
207 1443 311 1508 αὐτοῦ
338 1441 601 1527 βασιλευομένην
633 1443 765 1508 ἅπασαν
792 1441 810 1507 ὁ
837 1441 1092 1528 καταλειφθεὶς,
1111 1443 1144 1510 ἐν

117 1546 330 1633 Ἀραμαθῶνι
362 1551 514 1634 στρατός,
547 1552 671 1633 έπεμψε
701 1551 793 1635 πρὸς
816 1550 876 1614 τὸν
904 1552 1144 1634 Δαμασκηνῶν

120 1652 258 1737 βασιλέα
280 1652 435 1740 πρέσβεις
457 1652 512 1719 καὶ
530 1655 657 1740 χρυσὸν
678 1652 734 1719 καὶ
755 1655 914 1740 ἄργυρον,
937 1663 1143 1742 παρακαλῶν

119 1771 304 1845 συμμαχεῖν
334 1759 390 1826 καὶ
417 1761 678 1847 ὑπομιμνήσκων
709 1761 760 1826 ὅτι
790 1757 847 1825 καὶ
872 1758 1015 1848 πατρῴα
1048 1767 1143 1848 φιλία
1154 1782 1172 1824 α

119 1869 202 1952 πρὸς
225 1866 389 1950 ἀλλήλους
411 1864 502 1933 ἐστὶν
525 1866 647 1944 αύτοίς.
693 1865 802 1949 (305)
826 1864 844 1930 δ
869 1861 906 1930 δὲ
928 1875 1001 1931 τῶν
1019 1869 1143 1955 χρημά-

118 1996 186 2038 των
208 1975 246 2038 τὸ
270 1980 401 2058 πλῆθος
423 1971 573 2057 ἀσμένως
591 1971 722 2051 ἐδέξατο
745 1969 800 2037 καὶ
819 1975 1013 2055 συμμαχίαν
1033 1973 1142 2058 ἐποιή-

118 2095 199 2144 σατο
230 2080 314 2165 πρὸς
345 2079 463 2162 αὐτόν,
495 2079 655 2156 διαλύσας
683 2078 745 2161 τήν
776 2079 860 2163 πρὸς
889 2079 950 2142 τὸν
980 2081 1141 2164 Βασάνην

118 2186 250 2266 φιλίαν·
278 2181 333 2246 καί
360 2183 490 2266 πέμψας
518 2186 566 2259 είς
587 2186 646 2260 τάς
667 2182 724 2249 ὑπ’
751 2184 854 2249 αὐτοῦ
876 2186 1140 2271 βασιλευομένας

117 2289 230 2362 πόλεις
252 2289 330 2361 τοὺς
347 2286 512 2370 ἡγεμόνας
529 2297 588 2370 της
607 2289 694 2364 ίδίας
713 2290 885 2374 δυνάμεως
907 2287 1063 2357 ἐκέλευσε
1084 2317 1138 2358 κα-
1150 2313 1171 2354 ιο

117 2399 200 2455 κοῦν
223 2390 333 2468 αὐτάς.
375 2395 411 2456 οἳ
432 2389 469 2456 δὲ
487 2393 545 2470 τὰς
563 2389 625 2477 μὲν
643 2391 891 2483 ἐνεπίμπρασαν
908 2397 967 2472 τὰς
987 2393 1026 2462 δὲ
1047 2400 1138 2485 διήρ-

117 2512 227 2562 πασαν
244 2497 478 2585 πορευθέντες,
498 2500 560 2582 τήν
577 2496 606 2565 τ’
624 2497 744 2566 Ἀιῶνα
763 2502 946 2588 λεγομένην
963 2502 1019 2568 καὶ
1039 2506 1137 2571 Δάνα

116 2600 172 2668 καὶ
187 2600 388 2690 Ἀβελλάνηυ
409 2606 465 2674 καὶ
488 2609 590 2685 ἄλλας
612 2607 745 2685 πολλάς.
791 2610 901 2692 <306>
923 2607 1016 2674 ταῦτ’
1039 2610 1136 2678 άκού-

117 2729 177 2789 σας
204 2713 222 2779 ὁ
250 2726 318 2780 τῶν
342 2713 553 2802 Ἰσραηλιτῶν
580 2717 735 2800 βασιλεὺς
766 2723 827 2779 τοῦ
854 2711 916 2798 μὲν
944 2717 1137 2802 οίκοδομείν

115 2815 171 2882 καὶ
195 2819 341 2906 ὀχυροῦν
363 2822 425 2904 τὴν
440 2819 661 2907 Ἀραμαθῶνα
680 2821 855 2904 ἐπαύσατο,
877 2822 957 2904 μετά
976 2818 1015 2886 δὲ
1034 2839 1136 2890 σπου·
1148 2840 1169 2884 ει

116 2924 177 3006 δής
195 2925 240 3002 ῶς
257 2928 439 3010 βοηθήσων
452 2937 522 3004 τοῖς
536 2930 672 3005 οίκείοις
690 2927 906 3012 κακουμένοις
922 2925 1135 3013 ἀνέστρεψεν.

106 3026 250 3106 ’Ἀσανος
277 3028 308 3093 δ’
340 3028 375 3094 ἐκ
401 3040 460 3113 τής
486 3033 796 3118 παρεσκευασμένης
826 3030 882 3100 ὑπ’
913 3033 1018 3098 αὐτοῦ
1051 3039 1136 3121 πρὸς

115 3135 310 3219 οἰκοδομίαν
335 3135 417 3218 ὕλης
443 3138 556 3212 πόλεις
583 3136 759 3224 ἀνήγειρεν
787 3138 823 3205 ἐν
852 3140 941 3227 αὐτῷ
968 3148 1014 3227 τῷ
1043 3143 1135 3229 τύπω

115 3239 176 3303 δύο
208 3239 380 3325 καρτεράς·
413 3238 434 3322 ή
466 3236 528 3324 μέν
556 3242 648 3326 Γαβδι
680 3241 841 3328 ἐκαλεῖτο,
873 3245 894 3328 ἣ
927 3243 964 3311 δὲ
991 3248 1135 3330 Μασφά.

113 3342 222 3427 <307>
237 3342 293 3409 καὶ
311 3346 392 3430 μετὰ
410 3353 512 3410 ταῦτα
531 3342 593 3430 μὲν
610 3349 728 3432 καιρὸν
747 3338 807 3412 οὐκ
826 3351 920 3431 ἔσχεν
940 3352 958 3417 ὁ
977 3355 1134 3435 Βασάνης
1147 3370 1171 3412 ³⁰

185 3440 269 3527 ςεοε
289 3490 323 3510 ι-
342 3465 441 3535 εΙιες.
457 3465 508 3521 xv
524 3472 570 3533 1⁷³
590 3464 713 3521 2Para1.
728 3465 793 3520 XVI
809 3474 831 3523 1.

362 3751 459 3770 Aa
519 3762 524 3769 ,ι
