2400 3840
550 137 674 189 ΟΓΔΟΗ
1054 138 1118 201 217

104 299 191 361 πολὺ
219 292 257 359 δὲ
284 305 343 379 τῆς
371 300 595 379 σκηνοπηγίας
623 294 737 383 ἑορτῆς
764 298 959 364 ἐνίστασθαι
982 300 1119 383 μελλού-

106 420 174 486 σης,
198 403 415 487 λογισάμενος
438 403 484 481 ὡς
507 402 565 469 έδιν
588 403 746 490 ἐπιτρέψῃ
768 413 813 493 τῷ
836 407 958 488 πλήθει
976 422 1120 490 προσκυ-

105 518 205 593 νήσαι
237 512 296 575 τὸν
324 513 407 575 θεὸν
435 512 482 586 είς
505 507 717 596 Ἱεροσόλυμα
743 510 944 598 πορευθέντι
970 508 1026 576 καὶ
1054 509 1124 576 ἐκεῖ

99 617 167 698 τήν
190 613 308 699 ἑορτήν
332 617 515 700 διαγαγεῖν,
537 625 746 701 μετανοῆσαν
769 624 847 696 ἴσως
864 614 919 682 καὶ
938 614 1121 683 δελεασθὲν

80 722 171 788 τύπὸ
203 731 263 787 τοῦ
295 731 379 786 ναοῦ
410 718 467 787 καὶ
498 731 556 806 τῆς
587 727 768 809 θρησκείας
794 732 852 807 τής
879 721 916 788 ἐν
944 724 1032 812 αὐτῷ
1060 733 1121 788 τοῦ

97 836 190 894 θεοῦ
212 829 403 905 καταλείψει
426 824 487 913 μὲν
510 828 612 894 αὐτὸν
635 830 863 916 προσχωρήσει
882 827 920 895 δὲ
937 839 983 919 τῷ
1000 831 1119 919 πρώτω

105 940 246 1020 βασιλεῖ,
268 933 324 999 καὶ
346 935 557 1000 κινδυνεύσει
579 936 701 1000 τούτου
723 935 905 1021 γενομένου
927 937 989 1020 τήν
1008 937 1121 1021 ψυχήν

105 1042 298 1126 ἀποβαλεῖν,
317 1040 527 1127 ἐπιτεχνᾶταί
541 1065 574 1107 τι
591 1052 754 1108 τοιοῦτον.
782 1043 890 1128 <226>
905 1044 966 1109 δύο
980 1045 1121 1127 ποιήσας

106 1149 265 1232 δαμάλεις
286 1157 411 1235 χρυσᾶς
432 1146 488 1214 καὶ
511 1150 732 1234 οἰκοδομήσας
753 1152 910 1227 ναΐσκους
930 1152 1123 1234 τοσούτους,

64 1278 91 1316 ιο
106 1254 165 1319 ένα
193 1250 254 1338 μὲν
281 1253 317 1320 ἐν
341 1257 477 1340 Βεθήλη
503 1258 597 1322 πόλει
625 1257 685 1321 τὸν
711 1254 826 1343 ἕτερον
848 1253 879 1321 δ’
905 1256 942 1322 ἐν
964 1257 1061 1343 Λάνη
1084 1257 1121 1342 (ή

108 1357 138 1424 δ’
162 1361 229 1424 έστι
247 1362 331 1447 πρὸς
348 1370 421 1440 ταῖς
438 1374 560 1447 πηγαῖς
576 1371 638 1428 τοῦ
655 1372 776 1449 μικροῦ
791 1359 988 1450 Ἰορδάνου),
1005 1367 1121 1445 τίθησι

107 1466 166 1542 τάς
193 1466 350 1551 δαμάλεις
377 1466 414 1533 ἐν
441 1467 583 1558 ἑκατέρην
610 1480 678 1535 τῶν
705 1467 742 1535 ἐν
768 1481 841 1547 ταῖς
867 1468 1121 1557 προειρημέναις

106 1574 222 1637 πόλεσι
250 1577 409 1642 ναΐσκων·
437 1574 492 1641 καὶ
519 1573 724 1659 συγκαλέσας
750 1577 809 1654 τάς
836 1575 914 1642 δέκα
941 1577 1050 1660 φυλὰς
1073 1571 1122 1640 ὧν

107 1677 207 1757 αὐτὸς
233 1674 350 1766 ἦρχεν,
378 1680 604 1768 ἐδημηγόρησε
630 1682 770 1760 τούτους
796 1683 1018 1767 ποιησάμενος
1043 1685 1122 1759 τοὺς

63 1808 91 1848 15
107 1788 236 1868 λόγους.
273 1787 382 1871 <227>
407 1787 538 1872 “άνδρες
561 1788 737 1873 ὁμόφυλοι,
759 1791 936 1872 γινώσκειν
958 1790 1044 1872 ὑμᾶς
1065 1811 1122 1852 νο-

106 1895 187 1976 μίζω
206 1901 316 1975 τοῦτο,
332 1894 385 1969 Ἰὅτι
403 1903 468 1971 πῖις
485 1897 585 1972 τόπος
603 1897 669 1979 ἐχει
687 1897 747 1960 τὸν
765 1897 859 1977 θεόν,
878 1892 933 1959 καὶ
953 1894 1013 1958 οὐκ
1032 1895 1122 1958 ἐστιν

106 1999 144 2064 ἐν
172 1998 452 2084 ἀποδεδειγμένον
478 2004 602 2087 χωρίον
626 1999 662 2065 ἐν
685 1995 711 2089 ᾧ
733 1999 907 2086 πάρεστιν,
934 1999 1018 2065 άλλδι
1040 2022 1122 2065 παν-

107 2114 210 2189 ταχοῦ
237 2103 266 2170 τ’
292 2105 405 2172 άκούει
428 2104 485 2172 καὶ
507 2110 586 2184 τοὺς
607 2108 857 2193 θρησκεύοντας
879 2105 994 2193 ἐφορᾷ.
1039 2106 1123 2170 ὅθεν

108 2212 149 2277 ού
172 2235 229 2296 μοι
253 2212 346 2278 δοκεῖ
364 2221 428 2278 νῦν
447 2211 591 2297 ἐπείγειν
608 2214 694 2299 ὑμᾶς
712 2215 760 2292 είς
774 2211 984 2300 Ἱεροσόλυμα
1002 2234 1122 2300 πορευ-

62 2338 90 2379 εο
105 2316 229 2395 θέντας
252 2321 299 2396 είς
321 2319 383 2402 τήν
405 2330 473 2386 τῶν
496 2319 628 2408 ἐχθρῶν
650 2324 750 2387 πόλιν
768 2322 898 2405 μακρὰν
917 2319 1022 2396 οὕτως
1041 2319 1143 2410 ὁδὸν

104 2436 314 2510 προσκυνεῖν.
368 2426 491 2511 <228>
520 2428 700 2514 ἄνθρωπος
730 2430 794 2514 γάρ
821 2427 1036 2493 κατεσκεύακε
1063 2428 1124 2501 τὸν

104 2534 201 2596 ναόν·
225 2534 393 2615 πεποίηκα
412 2529 449 2598 δὲ
471 2532 561 2614 κάγδο
586 2534 647 2598 δύο
670 2542 795 2619 χρυσᾶς
818 2532 975 2617 δαμάλεις
996 2530 1122 2598 ἐπωνύ-

104 2661 189 2722 μους
207 2648 252 2726 τηλ
271 2644 352 2728 θεῷ,
374 2635 430 2703 καὶ
448 2638 510 2721 τήν
527 2634 589 2723 μὲν
608 2637 646 2702 ἐν
665 2639 801 2722 Βεθήλη
818 2639 913 2702 πόλει
931 2634 1124 2722 καθιέρωσα

105 2744 167 2827 τήν
196 2741 226 2808 δ’
253 2741 290 2809 ἐν
312 2744 425 2830 Δάνη,
453 2744 541 2821 ὅπως
567 2743 663 2827 ὑμῶν
690 2743 725 2806 οί
747 2742 876 2807 τούτων
899 2743 1032 2823 ἔγγιστα
1055 2752 1124 2806 τῶν

63 2866 90 2908 25
106 2853 237 2916 πόλεων
259 2849 485 2940 κατῳκημένοι
505 2850 782 2937 προσκυνήσωσιν
801 2849 849 2924 είς
867 2845 968 2923 αὐτὰς
986 2846 1123 2932 ἀπερχό-

105 2979 201 3040 μενοι
224 2958 284 3022 τὸν
306 2959 399 3022 θεόν.
435 2954 597 3035 ἀποδείξω
622 2953 662 3020 δέ
682 2978 776 3032 τινας
798 2954 879 3038 ὑμῖν
896 2951 952 3018 καὶ
971 2954 1070 3039 ίερεῖς
1089 2952 1124 3030 ἐξ

105 3062 201 3145 ὑμῶν
223 3060 279 3127 καὶ
297 3065 451 3146 Λευίτας,
474 3064 531 3128 ἵνα
553 3063 597 3148 μή
620 3065 736 3148 χρείαν
759 3064 852 3146 ἔχητε
869 3069 928 3145 τής
946 3061 1124 3136 Λευίτιδος

105 3173 216 3251 φνλής
232 3166 289 3233 καὶ
306 3180 375 3234 τῶν
386 3167 550 3254 Ἀαρῶνος
567 3170 661 3236 νίῦν.
689 3166 761 3236 ἀλλ’
779 3169 796 3236 ὁ
811 3170 1015 3253 βουλόμενος
1028 3167 1124 3250 ὑμῶν

107 3275 216 3358 ίερεὺς
244 3269 329 3340 εἶναι
357 3275 607 3363 προσενεγκάτω
632 3278 758 3361 μόσχον
780 3283 825 3363 τῷ
848 3280 917 3360 θεῷ
939 3268 995 3336 καὶ
1017 3274 1125 3358 κριόν,

63 3379 124 3445 3οὸ
153 3377 209 3445 καὶ
237 3383 297 3446 τὸν
321 3393 455 3468 πρῶτον
479 3382 568 3470 ίερέα
591 3379 696 3467 φασὶν
716 3379 865 3466 Ἀαρῶνα
887 3376 1123 3461 πεποιηκέναι.’

185 3506 266 3568 ςνεσ
287 3530 320 3548 --
341 3503 440 3572 3Reg‚
459 3503 512 3557 XII
525 3510 568 3559 νε.
