2400 3840
385 155 397 175 .
489 127 642 178 EBAOMH
914 68 926 91 δ
1009 126 1073 208 143

55 286 118 371 οὐχ
142 286 327 371 ἡσύχασαν,
356 285 428 353 ἀλλ’
455 285 565 371 “ήμεῖς
592 284 668 371 μέν’
693 289 835 370 ἔφασαν,
860 283 901 352 “ὦ
925 287 1076 372 ἀδελφοί,

54 394 271 478 θαυμάζομεν
289 395 376 479 ὑμᾶς
398 395 509 460 αὑτῶν
528 394 777 471 ἀποκαλοῦντας
800 396 912 478 μόνον
931 405 1075 479 συγγενῆ

55 503 116 566 τὸν
140 499 290 584 βασιλέα·
320 502 425 587 ὁγὰρ
453 501 515 584 τήν
538 499 693 566 ἁπάντων
724 499 877 579 ἐξουσίαν
905 502 993 586 παρὰ
1016 510 1076 566 τοῦ

55 614 141 672 θεοῦ
171 607 284 691 λαβὼν
312 608 448 672 πάντων
479 607 574 691 ήμῶν
606 602 692 672 εἶναι
725 608 889 691 συγγενής
919 610 1075 693 κρίνεται.

26 711 111 778 ικαὶ
139 715 195 778 διὰ
222 711 319 778 τοῦθ’
351 710 459 798 ὁμὲν
486 714 566 791 λαὸς
593 715 678 791 ἅπας
705 713 822 780 ένδεκα
850 718 968 800 μοίρας
1000 717 1076 799 ἔχει,

55 824 137 905 μίαν
161 817 191 884 δ’
217 821 322 904 ὑμεῖς,
345 817 401 884 καὶ
423 821 641 906 πρεσβύτεροι
664 819 773 906 ἐσμέν,
801 820 857 886 καὶ
880 821 942 887 οὐκ
966 821 1076 904 ἐποιή-

56 935 136 991 σατε
158 927 270 991 δίκαια
293 927 406 1012 κρύφα
428 924 484 991 καὶ
507 928 697 1011 λεληθότος
727 928 884 1006 ἐλθόντες
911 930 994 1014 πρὸς
1015 929 1076 993 τὸν

56 1031 217 1117 βασιλέαῖ

124 1140 233 1223 <278>
257 1150 395 1206 τοιαῦτα
418 1151 485 1206 τῶν
512 1140 686 1225 ἡγεμόνοιν
712 1143 795 1227 πρὸς
818 1140 982 1224 ἀλλήλους
1005 1142 1076 1207 δια·
1095 1157 1111 1206 6

13 1266 41 1306 10
55 1245 256 1330 λεχθέντων,
275 1246 360 1333 ιἰνήρ
379 1271 429 1324 τις
447 1249 593 1334 πονηρὸς
611 1244 667 1312 καὶ
686 1249 798 1314 στάσει
815 1251 951 1334 χαίρων,
970 1250 1076 1334 όνομα

56 1357 217 1436 Σαβαῖος,
239 1355 314 1430 υίὸς
332 1358 497 1440 Βοχορίου
522 1363 580 1438 της
599 1355 832 1438 Βενιαμίτιδος
855 1359 974 1438 φυλῆς,
998 1356 1077 1432 στδις

56 1458 94 1524 έν
117 1457 205 1548 μέσῳ
229 1448 313 1547 πρὸς
334 1463 372 1526 τὸ
395 1466 526 1544 πλῆθος
544 1459 627 1546 μέγα
646 1462 770 1545 βοήσας
791 1456 882 1526 εἶπεν
901 1459 987 1526 “ούτ’
1010 1463 1077 1545 ἔχει

55 1590 107 1642 τις
129 1565 224 1649 ἡμῶν
246 1568 336 1652 παρὰ
358 1569 493 1653 Δαυίδη
515 1571 644 1653 μοίρας,
672 1568 749 1632 ούτε
771 1573 896 1654 κλήρου
918 1568 1007 1653 παρὰ
1030 1577 1076 1654 τῷ

52 1671 214 1738 Ἰεσσαίου
237 1672 354 1738 παιδί’
401 1676 511 1758 <279>
532 1672 589 1740 καὶ
612 1675 693 1758 μετὰ
716 1677 794 1750 τοὺς
817 1676 938 1757 λόγους
961 1677 1077 1739 σαλπί-

13 1799 40 1839 15
56 1797 118 1856 σας
144 1778 257 1866 κέρατι
285 1785 437 1864 σημαίνει
465 1783 611 1864 πόλεμον
638 1782 722 1865 πρὸς
748 1778 976 1864 τὸνβασιλέα.
1021 1776 1077 1844 καὶ

54 1887 177 1963 πάντες
213 1886 449 1972 ἠκολούθησαν
485 1886 599 1974 ἐκείνῳ
637 1887 792 1968 Δαυίδην
827 1887 1077 1961 καταλιπόντες·

55 1996 141 2079 μόνη
166 1989 197 2058 δ’
219 1993 308 2081 αὐτῷ
331 1991 568 2079 παρέμεινενή
589 1989 699 2056 Ἰούδα
722 1991 823 2074 φυλή,
845 1988 901 2055 καὶ
923 1987 1077 2072 κατέστη-

38 2083 116 2165 ’σεν
139 2100 242 2166 αὐτὸν
266 2103 313 2178 είς
336 2102 373 2166 τὸ
398 2098 435 2164 έν
453 2097 695 2194 Ἱεροσολύμοις
717 2101 896 2181 βασίλειον.
941 2095 997 2161 καὶ
1019 2097 1078 2173 τὰς

56 2203 118 2292 μὲν
146 2208 314 2283 παλλακὰς
342 2198 440 2283 αἷςό
468 2207 543 2282 υίὸς
570 2205 675 2270 αὐτοῦ
703 2210 874 2288 συνῆλθεν
898 2199 1077 2287 Ἀβεσοίλιοψ

13 2332 41 2373 20
57 2338 134 2399 μος,
167 2316 215 2390 είς
246 2316 351 2396 ἄλλην
383 2314 566 2398 μετήγαγεν
598 2315 722 2395 οίκίαν,
754 2312 862 2378 ποίντα
893 2288 1079 2397 προστοίξας

57 2418 175 2497 αύταῖς
196 2431 353 2507 χορηγεῖν
372 2419 566 2503 τάπιτήδεια
587 2421 666 2495 τοὺς
689 2414 955 2502 ἐπιμελομένους,
979 2415 1078 2494 αὐτὸς

58 2525 89 2592 δ’
112 2523 219 2591 οὐκέτ’
242 2525 436 2609 ἐπλησίαζεν
450 2524 575 2602 αὐταῖς.
611 2524 721 2608 <280>
736 2523 952 2589 ἀποδείκνυσι
967 2519 1004 2599 δὲ
1023 2520 1077 2587 καὶ

56 2635 118 2698 τὸν
138 2630 298 2717 Ἀμεσσὰν
322 2634 521 2718 στρατηγόν,
548 2627 604 2695 καὶ
631 2630 693 2712 τήν
719 2628 813 2707 τάξιν
841 2627 929 2715 αὐτῷ
958 2625 1013 2712 ἐφ’
1039 2622 1079 2711 ής

55 2738 191 2824 Ἰώαβος
212 2734 255 2823 ἧν
279 2740 431 2805 δίδωσιν·
461 2733 614 2803 ἐκέλευσέ
634 2759 669 2801 τε
692 2735 849 2821 στρατιὰν
872 2734 954 2816 ὅσην
977 2734 1078 2797 δύνα-

15 2864 42 2904 25
57 2871 112 2913 ται
132 2844 353 2929 συναγαγόντ’
371 2844 407 2912 ἐκ
425 2853 484 2928 τῆς
498 2842 608 2909 Ἰούδα
626 2848 736 2928 φυλῆς
753 2838 830 2926 μεθ’
850 2838 974 2935 ἡμέρας
991 2850 1079 2925 τρεῖς

57 2954 105 3030 ὡς
128 2951 231 3019 αὐτὸν
251 2949 379 3037 ἐλθεῖν,
399 2953 456 3018 ’ίνα
474 2952 645 3037 παραδοὺς
664 2946 752 3037 αύτῷ
770 2956 880 3013 πᾶσαν
898 2947 960 3030 τήν
978 2947 1079 3010 δύνα-
1101 3004 1108 3018 ,

57 3085 117 3145 μιν
155 3059 302 3145 ἐκπέμήη
339 3059 568 3143 πολεμήσοντα
604 3059 663 3122 τὸν
698 3057 776 3121 υίὸν
811 3063 871 3122 τοῦ
903 3056 1077 3139 Βοχορίου.

57 3169 168 3250 <281>
183 3166 379 3246 ἐξελθόντος
398 3161 435 3229 δὲ
456 3173 516 3229 τοῦ
528 3161 666 3248 Ἀμεσσᾶ
680 3160 736 3227 καὶ
750 3160 826 3247 περὶ
840 3162 901 3244 τήν
919 3162 1078 3246 ἄθροισιν

58 3284 118 3358 τῆς
141 3281 296 3360 στρατιᾶς
319 3269 561 3358 βραδύνοντος,
585 3270 629 3346 ὡς
653 3266 713 3333 ούκ
738 3266 887 3354 ἐπανήει,
917 3276 956 3353 τή
985 3270 1078 3352 τρίτη

19 3399 44 3439 ³0
58 3393 127 3446 τῶν
150 3380 283 3467 ἡμερῶν
307 3380 324 3446 ὁ
348 3381 504 3463 βασιλεὺς
530 3378 613 3463 πρὸς
645 3377 704 3440 τὸν
724 3373 860 3460 Ἰώαβον
883 3377 995 3458 ἔλεγεν
1018 3372 1078 3439 ούκ

132 3507 214 3569 §27⁷
234 3528 268 3547 =
288 3501 387 3570 2Reg2
406 3500 471 3554 XIX
485 3504 529 3553 43.
