2400 3840
514 151 640 202 οιΔοΗ
1021 153 1084 217 183

66 309 107 391 δὴ
131 306 186 372 καὶ
209 311 267 386 τάς
291 311 443 387 εἰσόδους
466 309 580 387 αὐτοῖς
598 308 642 375 δι’
666 310 818 393 ἀλλήλων
838 314 1085 378 κατεσκεύασεν.

66 415 153 498 <66>
178 414 314 494 ἕκαστος
342 413 379 481 δέ
406 427 474 482 τῶν
502 423 603 482 οἰκων
629 418 758 482 τούτων
785 413 882 503 εὖρος
909 415 970 503 μὲν
998 415 1085 502 εἶχεν

64 518 163 586 πέντε
185 523 316 605 πήχεις,
333 530 436 606 μῆκος
459 518 496 587 δέ
518 525 598 600 τοὺς
621 523 757 605 αὐτούς,
779 523 866 601 ὕψος
889 519 927 588 δέ
951 531 1085 589 εἰκοσιν.

66 625 319 715 ἐπῳκοδόμηντο
335 625 372 693 δέ
386 630 517 705 τούτοις
536 630 670 694 άνωθεν
689 629 795 715 ἕτεροι
809 625 896 694 οἰκοι
909 627 964 694 καί
983 630 1086 695 πάλιν

34 734 161 798 σάλλοι
180 731 251 799 κατ’
273 733 394 817 αὐτῶν,
414 740 480 799 ίσοι
498 732 553 799 καὶ
572 747 643 812 τοῖς
661 733 793 821 μέτροις
811 734 925 823 καὶτῷ
940 735 1084 823 ἀριθμῷ,

65 839 113 914 ὡς
131 840 167 903 τὸ
185 849 252 905 πᾶν
269 840 356 917 ὕψος
374 839 497 917 αὐτοὺς
514 844 631 924 λαβεῖν
649 851 694 928 τῷ
712 841 865 907 κάτωθεν
883 848 963 931 οίκφ
980 864 1084 927 παρα-

64 945 219 1027 πλήσιον·
253 947 271 1011 6
303 947 367 1031 γὰρ
397 947 547 1034 ὑπερῷος
579 946 640 1012 οὐκ
671 943 714 1031 ἦν
745 947 1083 1038 περιῳκοδομημένος.

65 1051 162 1134 <67>
185 1053 309 1137 ὄροφος
333 1051 363 1117 δ’
390 1053 504 1130 αὐτοῖς
531 1051 729 1137 ἐπεβέβλητο
756 1053 888 1140 κέδρου.
933 1054 988 1120 καὶ
1015 1067 1085 1132 τοίς

65 1153 128 1241 μὲν
151 1163 255 1234 οἰκοις
277 1153 375 1234 οὗτος
399 1159 485 1236 ἰδιος
506 1154 550 1242 ἦν
572 1156 712 1249 ἑκάστω,
737 1162 821 1246 πρὸς
842 1163 921 1237 τοὺς
943 1165 1085 1244 πλησίον

21 1282 49 1321 ιο
65 1263 108 1327 ού
131 1264 322 1357 συνάπτων,
349 1276 419 1342 τοῖς
443 1262 473 1328 δ’
499 1266 613 1341 άλλοις
639 1265 788 1351 ὑπῆρχεν
813 1265 834 1349 ἡ
862 1265 960 1350 στέγη
988 1268 1083 1349 κοινὴ

65 1366 111 1433 δι’
137 1368 290 1452 ἀλλήλων
313 1368 519 1455 δεδομημένη
542 1375 716 1455 μηκίσταις
738 1373 851 1448 δοκοῖς
872 1369 927 1436 καὶ
952 1373 1085 1454 διηκού-

63 1493 140 1552 σαις
158 1475 324 1560 ἁπάντων,
347 1477 392 1554 ὡς
414 1481 493 1554 τοὺς
511 1477 633 1562 μέσους
653 1482 785 1563 τοίχους
804 1478 869 1543 ὑπὸ
887 1487 956 1543 τῶν
973 1478 1085 1543 αὐτῶν

63 1581 377 1668 συγκρατουμένους
409 1582 518 1662 ξύλων
554 1583 858 1670 ἐρρωμενεστέρους
894 1585 950 1649 διὰ
985 1593 1084 1650 τοῦτο

63 1692 229 1770 γίνεσθαι.
275 1690 370 1772 <68>
398 1690 460 1773 τὴν
488 1687 519 1753 δ’
549 1691 614 1755 ὑπὸ
642 1691 701 1766 τδς
731 1691 850 1768 δοκοὺς
880 1689 999 1774 στέγην
1027 1699 1086 1774 τῆς

19 1813 47 1853 15
63 1794 168 1878 αὐτῆς
193 1794 275 1877 ύλης
303 1794 437 1879 ἐβάλετο
465 1804 575 1860 πᾶσαν
603 1793 780 1879 ἐξεσμένην
807 1798 855 1871 εἰς
883 1797 1085 1879 φατνώματα

62 1898 119 1965 καὶ
143 1891 387 1987 προσκόλλησιν
409 1908 545 1986 χρυσοῦ.
590 1903 669 1978 τοὺς
696 1897 734 1965 δὲ
760 1903 892 1984 τοίχους
916 1902 1085 1985 κεδρίναις

63 1989 235 2092 διαλαβὼν
253 2011 365 2073 σανίσι
379 2008 505 2091 χρυσὸν
520 2004 635 2083 αὐταῖς
653 2004 876 2090 ἐνετόρευσεν,
895 2005 977 2071 ὥστε
996 2010 1085 2072 στίλ-

63 2117 139 2197 βειν
166 2114 295 2178 ἅπαντα
321 2114 381 2194 τὸν
408 2114 492 2178 ναὸν
521 2109 576 2177 καί
604 2112 869 2197 περιλάμπεσθαι
901 2114 959 2189 τάς
991 2115 1085 2191 ὄψεις

62 2230 132 2284 τῶν
155 2221 330 2284 εἰσιόντων
351 2219 417 2284 ὑπὸ
440 2226 499 2302 τῆς
521 2218 626 2303 αὐγῆς
643 2227 704 2284 τοῦ
722 2227 848 2305 χρυσοῦ
871 2222 1084 2303 πανταχόθεν

19 2345 48 2383 νο
64 2323 278 2409 φαινομένης.
323 2324 411 2408 <69>
433 2324 454 2408 ἡ
478 2322 509 2390 δ’
531 2325 591 2409 ὅλη
614 2335 675 2391 τοῦ
697 2335 782 2391 ναοῦ
806 2328 979 2410 οἰκοδομιά
1001 2328 1084 2412 κατὰ
1185 2330 1187 2334 ’

63 2431 192 2513 πολλὴν
219 2428 339 2514 τέχνην
371 2429 407 2495 ἐκ
434 2435 543 2496 λίθων
570 2431 763 2519 ἀκροτόμων
792 2430 937 2516 ἐγένετο,
970 2450 1084 2498 συντε-

62 2533 197 2602 θέντων
228 2535 395 2622 ἁρμοδίως
427 2536 516 2601 ττάνυ
545 2535 600 2602 καὶ
629 2541 739 2619 λείως,
771 2537 816 2614 ὡς
846 2539 926 2621 μήτε
954 2540 1085 2623 σφύρας

63 2639 137 2727 μήτ’
159 2643 264 2708 άλλου
286 2644 378 2720 τινὸς
401 2641 575 2726 ἐργαλείου
597 2651 787 2707 τεκτονικοῦ
810 2655 881 2718 τοῖς
904 2652 1084 2707 κατανοοῦ-

64 2766 120 2813 σιν
144 2747 303 2833 ἐργασίαν
326 2749 528 2831 δηλοῦσθαι,
557 2747 640 2813 άλλδ
668 2748 744 2831 δίχα
766 2755 826 2830 τῆς
851 2749 981 2812 τούτων
1006 2749 1085 2832 χρη-

24 2873 51 2914 ετ
64 2871 148 2931 σεως
160 2864 272 2920 πᾶσαν
285 2853 454 2938 ἡρμόσθαι
473 2853 535 2936 την
552 2853 638 2936 ύλην
656 2863 848 2939 προσφυῶς,
867 2853 912 2930 ὡς
931 2850 1085 2918 ἑκούσιον

63 2962 125 3044 την
148 2960 313 3046 ἁρμονίαν
341 2960 442 3043 αὐτῆς
469 2961 582 3025 δοκεῖν
609 2964 737 3044 μᾶλλον
764 2957 866 3044 ἣτῆς
892 2971 961 3024 τῶν
989 2958 1085 3045 ἐργα-

63 3070 165 3131 λείων
201 3065 356 3149 άνάγκης.
409 3066 507 3150 <70>
539 3064 773 3151 ἐφιλοτέχνησε
809 3063 840 3130 δ’
875 3066 894 3132 6
929 3068 1085 3150 βασιλεὺς

62 3172 189 3237 άνοδον
213 3174 262 3248 εἰς
283 3172 343 3236 τὸν
361 3171 514 3260 ὑπερῷον
532 3161 627 3237 οἰκον
645 3173 701 3236 διά
719 3181 780 3237 τοῦ
800 3173 919 3257 εὔρους
937 3181 998 3237 τοῦ
1017 3175 1085 3238 τοί-

62 3298 138 3362 χου·
168 3278 208 3342 οὐ
237 3279 299 3362 γάρ
329 3272 395 3361 εἶχε
422 3278 535 3364 θύραν
558 3278 704 3362 μεγάλην
730 3279 811 3342 κατά
839 3286 897 3361 τῆς
922 3278 1086 3364 ἀνατολῆς
1153 3296 1157 3302 ’

23 3402 50 3442 ω
65 3385 111 3460 ὡς
135 3379 222 3467 εἶχεν
245 3384 263 3448 6
286 3383 439 3450 κάτωθεν
463 3380 562 3466 οἰκος,
586 3381 658 3449 ἀλλ’
680 3383 716 3447 ἐκ
739 3395 806 3449 τῶν
826 3389 981 3471 πλευρῶν
998 3381 1085 3470 ἦσαν

138 3505 501 3574 ςωεηωῊω
