2400 3840
115 148 158 212 32
479 157 754 210 ΑΡΧιΙοΛοΓιιΣ

79 328 96 375 4
181 313 290 397 <141>
317 314 372 380 καὶ
402 317 555 394 Σάουλος
586 314 648 401 μὲν
678 317 722 394 ὡς
749 318 890 402 μηδενὸς
919 316 1132 400 παρακούσας

116 415 164 485 ὧν
191 419 209 485 ὁ
231 423 404 506 προφήτης
431 422 594 489 ἐπέστειλε
621 422 775 508 μέλλοντι
802 426 862 489 τὸν
891 425 974 508 πρὸς
994 420 1132 505 Ἀμαλη-

115 530 208 604 κίτας
235 526 398 614 ἐκφέρειι
415 532 574 614 πόλεμον,
607 527 679 594 ἀλλ’
710 530 754 606 ὡς
782 527 835 594 ἐπὶ
863 538 965 594 πᾶσιν
993 527 1132 603 ἐκείνοις

117 632 261 719 ἀκριβῶς
269 634 536 719 πεφυλαγμένοις
546 637 725 719 νενικηκὼς
734 638 812 712 τοὺς
821 638 1009 719 πολεμίους,
1020 635 1132 698 οῖκαδε

116 742 200 825 πρὸς
218 740 320 805 αὑτὸν
338 739 530 824 ὑπέστρεφε,
548 746 674 826 χαίρων
692 740 744 807 ἐπὶ
759 753 829 818 τοῖς
842 739 1131 824 κατωρθωμένοις·
1147 759 1160 799 5

118 847 226 928 <142>
250 845 268 911 ὁ
292 842 329 910 δὲ
351 848 432 923 θεὸς
455 848 592 932 ἄχθεται
616 847 673 913 ἐπί
691 871 727 913 τε
745 857 784 932 τη
803 856 863 912 τοῦ
886 845 1047 931 βασιλέως
1065 858 1133 911 τῶν

116 950 339 1036 Ἀμαληκιτῶν
356 957 501 1040 σωτηρία
519 953 574 1019 καλ
593 963 631 1039 τῇ
650 965 718 1020 τῶν
736 954 952 1038 βοσκημάτων
966 954 1132 1039 διαρπαγῇ

118 1067 178 1123 τοῦ
214 1058 380 1143 πλήθους,
422 1060 472 1125 ότι
508 1061 552 1144 μή
589 1063 865 1147 συγχωρήσαντος
900 1061 1003 1125 αὐτοῦ
1039 1056 1131 1125 ταῦτ’

119 1162 282 1248 ἐπράχθη·
303 1165 417 1231 δεινὸν
431 1168 493 1252 γάρ
508 1165 619 1250 ἡγεῖτο
638 1177 737 1232 νικᾶν
750 1164 811 1252 μὲν
828 1165 884 1232 καὶ
902 1171 1134 1252 περιγίνεσθαι

118 1281 193 1335 τῶν
210 1268 341 1357 ἐχθρῶν
365 1270 494 1338 ἐκείνου
516 1274 578 1357 τήν
601 1276 698 1359 ἰσχύν
721 1275 874 1351 διδόντος
892 1274 1015 1355 αύτοῐς,
1038 1297 1135 1337 κατα·
1151 1293 1176 1331 ιο

120 1384 322 1462 φρονεῖσθαι
350 1374 387 1443 δέ
413 1377 468 1444 καὶ
496 1381 746 1465 παρακούεσθαι
774 1378 850 1465 μηδ’
881 1380 926 1456 ὡς
953 1381 1136 1464 άνθρωπον

120 1483 266 1568 βασιλέα.
312 1485 421 1569 <143>
449 1497 622 1570 μετανοεῖν
650 1481 712 1553 ούν
742 1490 833 1570 ἔλεγε
859 1488 943 1572 πρὸς
969 1488 1029 1551 τὸν
1056 1507 1136 1570 προ-

121 1592 230 1674 φήτην
257 1592 459 1676 Σαμούηλον
487 1590 539 1657 ἐπὶ
572 1603 618 1681 τῷ
650 1602 880 1679 χειροτονῆσαι
912 1591 1049 1676 βασιλέα
1077 1593 1136 1656 τὸν

122 1697 293 1782 Σάουλον,
320 1694 425 1783 μηδὲν
453 1693 502 1764 ὧν
529 1698 629 1776 αὐτὸς
658 1702 784 1765 κελεύει
810 1700 1012 1786 πράττοντα,
1040 1707 1079 1782 τῇ
1104 1694 1134 1760 δ’

123 1807 228 1892 οἰκεία
255 1807 413 1889 βουλήσει
440 1806 620 1890 χρώμενον.
671 1808 802 1892 σφόδρα
824 1804 917 1871 ταῦτ’
948 1805 1091 1881 άκούσας
1120 1805 1177 1870 διὸ

122 1913 327 2001 Σαμούηλος,
344 1912 528 1997 συνεχύθη,
556 1909 611 1976 καὶ
642 1909 687 1976 δι’
712 1912 791 1993 ὅλης
813 1920 871 1995 τῆς
892 1912 1012 1988 νυκτὸς
1034 1934 1138 1996 παρα-

122 2023 236 2083 καλεῖν
262 2018 382 2103 ήρξατο
414 2020 474 2083 τὸν
501 2020 584 2084 θεὸν
613 2018 894 2083 καταλλάττεσθαι
921 2026 967 2105 τῷ
995 2019 1138 2106 Σαούλῳ

123 2120 176 2187 καὶ
200 2124 244 2206 μή
267 2128 488 2205 χαλεπαίνειν.
534 2125 644 2207 <144>
668 2123 685 2189 ὃ
710 2120 746 2188 δὲ
769 2125 831 2207 τήν
854 2123 1054 2207 συγγνώμην
1079 2123 1139 2188 οὐκ

124 2225 300 2292 ἐπένευσεν
333 2230 380 2304 εἰς
411 2231 471 2294 τὸν
498 2230 656 2295 Σάουλον
683 2228 867 2318 αἰτουμένῳ
900 2239 945 2318 ιβ
974 2232 1139 2315 προφήτη,

112 2332 340 2428 ,λογισάμενος
364 2335 424 2398 οὐκ
448 2330 533 2400 εἶναι
557 2337 688 2400 δίκαιον
716 2335 924 2421 ἁμαρτήμασι
947 2340 1145 2422 χαρίζεσθαι
1154 2353 1179 2392 2⁰

124 2442 334 2524 παραίτησιν·
358 2440 399 2504 οὐ
422 2442 484 2526 γάρ
509 2440 541 2519 ἐξ
566 2443 670 2507 άλλου
691 2445 783 2520 τινὸς
803 2444 951 2526 φύεσθαι
970 2448 1097 2528 μᾶλλον
1121 2442 1140 2526 ή

124 2554 184 2610 τοῦ
206 2548 526 2630 καταμαλακίξεσθαι
549 2550 627 2625 τοὺς
645 2547 898 2635 ἀδικουμένους·
922 2547 1142 2634 θηρωμένους

125 2654 187 2739 γάρ
216 2651 318 2732 δόξαν
345 2651 520 2732 ἐπιεικείας
545 2653 600 2720 καὶ
627 2659 846 2741 χρηστότητος
872 2655 1057 2721 λανθάνειν
1084 2655 1143 2719 αὑ-

125 2763 203 2837 τοὺς
226 2769 329 2825 ταῦτα
352 2772 548 2843 γεννῶντας.
593 2761 702 2844 <145>
722 2761 767 2838 ὡς
786 2755 848 2826 οὖν
866 2761 1003 2827 ἀπεῖπεν
1022 2761 1040 2826 ὁ
1061 2763 1143 2837 θεὸς

126 2876 165 2951 τῇ
194 2876 254 2930 τοῦ
280 2868 455 2949 προφήτου
483 2869 592 2949 δεήσει
619 2864 675 2931 καὶ
702 2868 803 2950 δήλος
829 2862 872 2950 ἦν
899 2869 942 2951 μη
966 2870 1143 2951 μεταμελό-
1158 2883 1179 2924 25

128 2994 236 3056 μενος,
259 2968 314 3054 ἅμ’
335 2969 440 3056 ήμέρηι
459 2973 657 3055 Σαμούηλος
680 2973 727 3048 είς
751 2972 904 3055 Γάλγαλα
927 2974 1145 3058 παραγίνεται

127 3080 210 3163 πρὸς
225 3076 390 3142 Σάουλον.
426 3076 633 3161 θεασάμενος
656 3075 686 3142 δ’
708 3078 811 3143 αὐτὸν
829 3078 846 3144 ὁ
866 3082 1021 3163 βασιλεὺς
1043 3095 1146 3164 προσ-

129 3182 250 3269 τρέχει,
282 3181 337 3249 ιιαὶ
368 3183 660 3267 κατασπασάμενος
692 3183 753 3272 ’τῷ
787 3184 872 3273 θεῷ’
901 3189 1005 3270 φησίν
1034 3183 1146 3270 ἐὐχα-

130 3302 241 3375 ριστῶ,
264 3300 310 3378 τῷ
333 3290 426 3356 δόντι
450 3312 505 3374 μοι
529 3290 590 3371 τήν
612 3289 739 3373 νίκην·’
763 3291 890 3356 ἅπαντα
909 3291 1021 3375 μέντοι
1045 3315 1082 3373 γε
1106 3293 1146 3357 τδι

128 3394 365 3479 κεκελευσμένα
387 3393 444 3462 ὑπ’
465 3396 569 3461 αὐτοῦ
587 3403 785 3482 πεπρᾶχθαι.
823 3397 931 3481 <146>
947 3400 1148 3482 Σαμούηλος
1161 3416 1179 3455 ³⁴

201 3516 584 3588 §141=1Reg.XV12.
