2400 3840
509 142 634 195 οΓΔοΗ
1017 147 1079 213 181

62 299 166 364 αὐτὸν
197 299 373 384 ἠμείψατο,
406 304 501 368 σίτου
532 299 594 387 μέν
627 304 715 391 αὐτῶ
747 302 818 369 κατ’
849 308 920 382 ἔτος
951 307 1082 393 πέμψας

62 408 261 492 δισμυρίους
282 409 405 493 κόρους
426 407 481 473 καὶ
504 411 685 487 τοσούτους
705 409 821 476 ἐλαίου
843 412 978 495 βάτους·
1003 415 1021 479 ὁ
1044 412 1082 480 δὲ

60 513 161 595 βάτος
192 513 332 578 δύναται
360 512 474 592 ξέστας
501 514 727 601 ἑβδομήκοντα
756 518 827 583 δύο.
872 521 910 583 τὸ
938 517 968 583 δ’
1000 520 1081 585 αὐτὸ

60 617 183 704 μέτρον
205 616 260 683 καὶ
284 625 380 684 οίνου
402 627 567 706 παρεῖχεν.
613 623 701 707 <58>
723 621 744 705 ἡ
767 620 829 707 μὲν
847 619 910 689 οὖν
927 626 1081 711 Είράμου

30 727 158 808 εφιλία
180 723 236 789 καὶ
259 730 463 809 Σολομῶνος
486 727 550 793 άπὸ
573 730 702 794 τούτων
726 712 775 794 έτί
799 735 927 814 μᾶλλον
949 729 1081 817 ηὔξησε,

59 829 116 896 καὶ
140 832 312 916 διαμενεῖν
334 834 469 916 ὤμοσαν
488 834 536 910 είς
554 835 655 900 άπαν·
680 832 754 900 δδὲ
773 838 930 921 βασιλεὺς
948 836 1081 916 ἐπέταξε

59 935 160 1002 παντὶ
183 946 228 1026 τῷ
251 943 320 1026 λαῶ
344 941 453 1024 φόρον
472 938 610 1025 ἐργάτας
632 945 860 1028 τρισμυρίους,
883 933 935 1020 οἷς
953 944 1086 1030 άπονον

60 1046 122 1126 τὴν
146 1043 304 1130 ἐργασίαν
326 1043 515 1129 κατέστησε,
537 1048 674 1132 μερίσας
696 1047 801 1130 αὐτην
824 1059 978 1127 συνετῶς.
1020 1075 1081 1134 μυ-

61 1154 157 1236 ρίους
180 1151 243 1236 γὰρ
268 1149 402 1233 ἐποίησε
424 1154 607 1229 κόπτοντας
630 1151 683 1218 ἐπὶ
706 1162 794 1237 μῆνα
813 1154 872 1219 ἕνα
896 1153 933 1220 έν
955 1165 1001 1243 τῷ
1020 1161 1080 1221 Λι-

17 1280 45 1319 10
59 1257 152 1345 βάνῳ
173 1259 254 1342 ὄρει,
278 1256 340 1321 δύο
359 1254 396 1322 δὲ
414 1265 521 1342 μῆνας
539 1257 771 1325 ἀναπαύεσθαι
792 1260 1081 1345 παραγινομένους

60 1360 114 1426 ἐπὶ
138 1363 178 1426 τά
201 1363 318 1444 οίκεία,
342 1360 438 1449 μέχρι
460 1363 502 1428 άν
524 1363 627 1429 πάλιν
650 1365 685 1429 os
706 1365 877 1451 δισμύριοι
899 1366 961 1449 την
984 1365 1080 1451 έργα-
1175 1392 1176 1395 ’

60 1470 139 1532 σίαν
157 1467 420 1554 ἀναπληρώσωσι
438 1471 520 1534 κατὰ
537 1472 598 1535 τὸν
617 1469 804 1555 ὡρισμένον
821 1474 954 1557 χρόνον.
991 1473 1080 1556 <59>

60 1569 169 1638 ἔπειθ’
191 1572 278 1638 οὕτω
297 1578 475 1657 συνέβαινε
492 1587 563 1653 τοῖς
580 1577 725 1662 πρώτοις
742 1580 876 1663 μυρίοις
893 1579 950 1643 διὰ
968 1579 1081 1665 τετάρ-

59 1704 122 1745 του
145 1682 250 1764 μηνὸς
273 1678 424 1746 ἀπαντᾶν
447 1679 500 1746 έπὶ
522 1676 677 1767 τοῦργον.
723 1681 870 1766 ἐγεγόνει
894 1669 924 1748 δ’
952 1683 1080 1770 ἐπίτρο-

15 1809 44 1851 15
59 1809 122 1875 πος
149 1795 209 1851 τοῦ
237 1788 347 1872 φόρου
373 1787 494 1852 τούτου
520 1785 717 1873 Ἀδώραμος.
765 1782 852 1880 ᾖσαν
884 1786 915 1852 δ”
946 1788 982 1853 ἐκ
1013 1800 1081 1854 τῶν

57 1896 243 1978 παροίκων,
273 1891 332 1969 οὓς
353 1893 507 1975 Δαυίδης
528 1896 768 1975 κατελελοίπει,
795 1903 863 1958 τῶν
890 1890 952 1977 μὲν
976 1915 1080 1980 παρα-

57 2001 261 2083 κομιζόντων
284 1999 345 2081 την
368 2001 503 2064 λιδείαν
525 1995 581 2063 καὶ
603 1999 665 2081 τὴν
683 1998 897 2082 άλληνύλην
917 1996 996 2064 ἑπτὰ
1019 2025 1080 2084 μυ-4

58 2106 187 2192 ριάδες,
218 2115 286 2170 τῶν
318 2101 356 2169 δὲ
387 2105 624 2189 λατομούντων
656 2104 918 2190 ὀκτακισμύριοι·
952 2107 1080 2172 τούτων

59 2211 90 2278 δ’
117 2211 286 2277 ἐπιστάται
309 2213 486 2296 τρισχίλιοι
513 2208 568 2276 καὶ
596 2213 789 2295 τριακόσιοι.
834 2211 920 2297 <60>
942 2230 1080 2299 προστε-

12 2339 42 2379 20
57 2319 148 2402 τάχει
172 2313 209 2381 δέ
232 2320 353 2394 λίθους
370 2314 432 2401 μὲν
450 2317 574 2395 αὐτούς
594 2315 728 2403 τέμνειν
748 2318 914 2402 μεγάλους
936 2320 984 2396 είς
1001 2322 1081 2397 τοὺς

57 2432 118 2489 τοῦ
142 2431 226 2488 ναοῦ
248 2425 441 2506 θεμελίους,
469 2423 679 2511 ἁρμόσαντας
703 2420 742 2489 δὲ
764 2435 898 2509 πρῶτον
920 2423 977 2491 καὶ
1001 2443 1079 2492 συν-

57 2531 223 2612 δήσαντας
242 2527 279 2594 έν
296 2537 343 2617 τῷ
362 2531 433 2615 όρει
451 2532 680 2614 κατακομίζειν
698 2529 805 2607 οὕτως
822 2532 870 2606 είς
889 2531 952 2613 την
969 2534 1078 2596 πόλιν.
1126 2615 1129 2621 ι

57 2636 187 2719 ἐγένετο
211 2632 250 2700 δὲ
271 2631 364 2700 ταῦτ’
390 2633 431 2699 ού
457 2636 547 2720 παρά
573 2644 642 2699 τῶν
669 2633 857 2717 οἰκοδόμων
883 2644 952 2699 τῶν
980 2634 1079 2718 ἐγχω-

57 2747 141 2829 ρίων
164 2744 289 2826 μόνων,
311 2740 395 2806 άλλδι
416 2737 472 2804 ιωιλ
491 2733 539 2804 ὧν
557 2739 575 2804 δ
594 2738 745 2824 Εἲραμος
768 2740 890 2821 ἔπεμψε
910 2750 1078 2822 τεχνιτῶν.

12 2870 41 2910 ιε
125 2849 213 2930 <61>
236 2844 349 2930 τῆς.δ’
371 2847 564 2930 οἰκοδομίας
585 2851 646 2909 τοῦ
669 2853 755 2910 ναοῦ
773 2844 938 2928 Σολομὼν
956 2843 1077 2930 ύρξατο
1097 2849 1118 2914 3

56 2953 214 3040 τέταρτον
242 2956 313 3030 έτος
340 2953 404 3035 ἤδη
427 2959 486 3034 τῆς
508 2953 678 3035 βασιλείας
706 2952 792 3034 ἔχων
819 2946 899 3033 μηνὶ
923 2947 1078 3039 δευτέρω,

56 3061 97 3125 ὃν
124 3060 321 3134 Μακεδόνες
352 3055 413 3142 μέν
437 3055 644 3142 Ἀρτεμίσιον
675 3062 837 3122 καλοῦσιν
859 3054 1007 3141 Ἑβραῖοι
1040 3054 1079 3122 δὲ

52 3164 131 3251 Ἰάρ,
155 3163 223 3249 μετ’
250 3167 305 3247 έτη
328 3166 528 3230 πεντακόσια
551 3161 607 3229 καλ
631 3162 830 3246 ἐνενήκοντα
853 3159 909 3226 καὶ
933 3163 995 3226 δύο
1018 3172 1078 3247 τῆς

55 3268 111 3336 ἀπ’
139 3272 313 3352 Αίγύπτου
336 3281 404 3336 τῶν
423 3269 636 3356 Ἰσραηλιτῶν
660 3268 791 3352 ἐξόδου,
820 3268 900 3352 μετὰ
926 3264 964 3332 δὲ
987 3271 1077 3351 χίλια

12 3397 40 3438 σο
54 3376 111 3444 καὶ
131 3383 257 3443 εἴκοσιν
276 3379 330 3459 ἔτη
349 3385 408 3460 τῆς
423 3374 589 3463 Ἀβράμου
608 3378 656 3452 είς
673 3375 735 3458 την
750 3376 945 3439 Χαναναίαν
964 3373 999 3439 έκ
1018 3384 1077 3460 τῆς

128 3504 187 3564 §58
203 3525 235 3545 ==
250 3503 266 3550 3
280 3497 349 3566 Reg.
360 3498 384 3552 V
396 3503 437 3552 12.
511 3503 526 3563 ξ
541 3503 573 3552 61
590 3522 624 3542 =
639 3503 655 3551 3
670 3496 739 3566 Reg.
755 3495 794 3550 VI
811 3501 842 3561 13
859 3495 1089 3550 ῶΡαεελᾸΜ,
