2400 3840
99 133 143 197 88
468 133 742 184 ΑΡΧΑΙΟΛΟΓΙΑΣ

98 311 211 380 ρευσε,
238 295 298 360 τὸν
322 291 471 378 πέμπτον
498 290 535 358 δέ
558 297 736 377 Σαφατίαν
762 301 821 375 τῆς
841 288 1033 375 Ἀβιτοιάλης
1059 291 1116 358 καὶ

98 403 158 467 τὸν
176 400 271 467 έκτον
286 404 318 465 Γ
314 401 488 487 εθραάμην
500 409 559 480 τῆς
572 403 699 482 Αίγλάς
716 398 915 484 ἐπωνόμασε.
951 400 1038 482 <22>
1054 410 1115 464 τοῦ

99 506 129 572 δ’
162 506 326 592 ἐμφυλίου
353 506 501 591 πολέμου
528 517 746 588 συνεστῶτος,
774 503 830 570 καὶ
859 509 1115 589 συμπιπτόντων

98 616 146 690 είς
174 616 254 698 ἔργα
280 611 336 678 καὶ
364 613 471 697 μάχην
500 623 633 688 πυκνῶς
660 623 728 676 τῶν
755 609 831 695 μεθ’
863 609 1017 697 ἑκατέρου
1047 624 1116 677 τῶν

97 719 272 804 βασιλέων,
293 716 489 804 Ἀβέννηρος
512 717 530 783 δ
549 727 608 782 τοῦ
627 717 786 782 Σαούλου
803 718 922 792 παιδὸς
940 715 1143 802 άρχιστρά-5

96 850 210 910 τηγος,
239 825 375 900 συνετὸς
403 823 450 889 ὢν
477 821 532 888 καὶ
561 823 692 908 σφόδρα
720 823 842 888 εὔνουν
866 825 949 907 έχων
971 826 1009 889 τὸ
1031 831 1114 907 πλή-

97 939 171 1014 θος,
194 931 319 1006 πάντας
342 940 519 1014 συμμεῖναι
543 939 588 1017 τῷ
604 927 760 1018 Ἰεβόσθφ
781 931 1035 1015 παρεσκεύασεν,
1058 930 1114 995 καὶ

96 1035 267 1119 διέμειναν
295 1037 411 1101 ἱκανὸν
437 1038 561 1120 χρόνον
588 1035 741 1100 τάκείνου
766 1045 979 1121 φρονοῦντες.
1025 1037 1113 1121 <23>

95 1142 236 1226 ὕστερον
260 1138 290 1205 δ’
317 1140 353 1206 ἐν
376 1141 553 1226 ἐγκλήματι
576 1144 753 1225 γενόμενος
778 1142 796 1207 ὁ
818 1140 1029 1226 Ἁβέννηρος,
1058 1140 1113 1207 καὶ

95 1248 208 1332 λαβὼν
231 1249 341 1313 αἰτίαν
365 1247 409 1324 ὡς
430 1245 591 1313 συνέλθοι
613 1257 652 1333 τῇ
672 1249 830 1314 Σαούλου
852 1255 1012 1334 παλλακῇ,
1032 1248 1113 1314 Ῥαι-
1128 1266 1153 1305 1⁰

95 1363 165 1441 σφρῖ
188 1351 250 1439 μὲν
272 1355 419 1439 τοῦνομα
442 1354 601 1437 Σιβάθου
623 1351 661 1418 δὲ
683 1359 842 1440 θυγατρί,
870 1353 924 1420 καὶ
951 1379 1114 1441 καταμεμ-

95 1457 197 1544 φθεὶς
224 1461 290 1525 ὑπὸ
315 1457 501 1543 Ἰεβόσθου,
534 1462 755 1545 περιαλγήσας
781 1460 837 1526 καὶ
865 1458 1041 1546 θυμωθεὶς
1069 1463 1114 1538 ὡς

94 1565 135 1630 ού
163 1567 302 1630 δικαίων
329 1576 396 1630 τῶν
423 1563 500 1650 παρ’
532 1565 635 1630 αὐτοῦ
661 1567 820 1651 τυγχάνοι
852 1568 941 1652 πάση
970 1572 1114 1654 προνοίᾳ

92 1669 169 1758 περὶ
192 1670 295 1736 αὐτὸν
317 1672 496 1758 χρώμενος,
522 1671 678 1754 ἠπείλησε
701 1669 762 1756 μὲν
785 1673 846 1757 τήν
869 1678 1042 1758 βασιλείαν
1066 1676 1113 1750 εἰς

93 1780 248 1863 Δαυίδην
261 1781 482 1866 περιστήσειν,
502 1777 676 1856 ἐπιδείξειν
695 1777 726 1843 δ’
743 1779 788 1856 ῶς
806 1779 847 1844 οὐ
866 1781 922 1844 διά
940 1779 1001 1863 τήν
1021 1783 1112 1845 ἰδίαν
1127 1796 1153 1836 15

94 1886 209 1972 ῥώμην
231 1885 287 1952 καὶ
310 1888 447 1952 σύνεσιν
469 1888 565 1973 άρχοι
588 1896 656 1950 τῶν
673 1884 779 1973 πέραν
795 1884 975 1972 Ἰορδάνου,
1000 1888 1056 1952 διά
1075 1885 1113 1952 δὲ

92 1994 155 2076 τήν
173 1994 277 2059 αὐτοῦ
296 1997 496 2080 στρατηγίαν
513 2016 549 2058 τε
566 1991 621 2058 καὶ
640 1996 761 2059 πίστιν.
803 1994 890 2076 <24>
908 1991 963 2058 καὶ
981 1992 1112 2078 πέμψας

93 2101 141 2172 είς
164 2103 325 2184 Χεβρῶνα
347 2101 436 2184 παρά
459 2101 614 2182 Δαυίδην
638 2103 753 2183 λαβεῖν
776 2100 896 2186 ὅρκους
922 2124 957 2164 τε
980 2096 1034 2163 καὶ
1058 2104 1111 2166 πί-

92 2217 180 2278 στεις
212 2202 322 2286 ήξίου,
354 2200 374 2285 ἦ
408 2205 474 2287 μήν
507 2204 593 2281 ἕξειν
625 2204 727 2269 αὐτὸν
760 2204 892 2289 ἑταῖρον
923 2203 977 2269 καὶ
1010 2209 1112 2289 φίλον

92 2305 315 2371 ἀναπείσαντα
333 2310 393 2372 τὸν
412 2310 494 2373 λαὸν
513 2317 573 2372 τοῦ
586 2309 744 2372 Σαούλου
758 2305 820 2392 μὲν
839 2310 1021 2394 άποστήνοιι
1035 2335 1110 2377 παι-
1125 2328 1152 2365 20

91 2412 164 2491 δός,
193 2409 295 2475 αὐτὸν
319 2409 350 2475 δ’
376 2409 595 2487 ἀποδείξαντα
617 2411 724 2492 πάσης
752 2421 810 2495 τῆς
832 2414 942 2499 χώρας
965 2416 1110 2500 βασιλέα.

91 2515 178 2598 <25>
192 2523 251 2579 τοῦ
267 2512 304 2579 δέ
318 2517 473 2581 Δαυίδου
491 2514 716 2599 ποιησαμένου
733 2518 792 2594 τάς
811 2518 989 2603 ὁμολογίας
1008 2520 1110 2607 (ήσθη

90 2623 154 2706 γάρ
184 2618 237 2705 ἐφ’
269 2613 320 2698 οἷς
345 2620 542 2708 Ἀβέννηρος
569 2624 844 2709 διεπρεσβεύσατο
871 2627 954 2713 πρὸς
982 2626 1111 2715 αὐτόν),

91 2727 147 2796 καὶ
170 2739 303 2813 πρῶτον
325 2732 502 2814 τεκμήριον
524 2742 707 2817 παρασχεῖν
729 2743 796 2796 τῶν
815 2740 996 2816 συνθηκῶν
1015 2732 1110 2811 άξιώ-

92 2853 212 2911 σαντος
235 2834 452 2901 ἀνασώσαντα
475 2839 558 2923 πρὸς
577 2837 680 2902 αὐτὸν
697 2837 856 2921 Μιχάλαν
878 2841 940 2922 τήν
957 2853 1110 2924 γυναῖκα,
1125 2854 1151 2895 2⁶

91 2941 247 3025 μεγάλοις
275 2940 465 3024 ὠνηθεῖσαν
492 2941 550 3008 ὑπ’
576 2943 679 3009 αὐτοῦ
706 2945 878 3022 κινδύνοις
904 2945 959 3011 καὶ
982 2952 1109 3012 Παλαι-

91 3058 215 3113 στινῶν
243 3053 404 3130 κεφαλαῖς
433 3045 630 3132 ἑξακοσίαις,
663 3049 702 3126 δς
732 3047 816 3136 ὑπὲρ
849 3052 951 3136 αὐτῆς
978 3053 1109 3138 ἐκόμισε

88 3163 134 3240 τῷ
153 3151 252 3241 πατρὶ
267 3155 420 3243 Σαούλῳ,
445 3155 532 3237 <26>
546 3153 664 3238 πέμπει
682 3153 743 3240 μέν
762 3157 851 3245 αὐτῷ
870 3160 932 3241 τήν
949 3162 1109 3244 Μιχάλαν

88 3258 283 3337 άποσπάσας
306 3263 449 3326 Φελτίου
472 3268 531 3324 τοῦ
554 3262 627 3324 τότε
650 3271 887 3340 συνοικοῦντος
910 3266 1002 3350 αὐτῇ,
1025 3267 1108 3352 πρὸς

89 3373 188 3429 τοῦτο
203 3365 258 3430 καὶ
270 3364 441 3452 Ἰεβόσθου
460 3364 723 3452 συμπράξαντος·
743 3367 918 3454 ἐγεγράφει
937 3373 1000 3457 γάρ
1019 3372 1107 3460 αὐτῷ
1122 3383 1150 3422 ³⁰

161 3490 175 3549 ἓ
195 3492 228 3539 22
249 3512 283 3533 =
303 3495 318 3540 2
338 3489 407 3556 Reg.
426 3488 465 3540 HI
480 3494 503 3544 6.

313 3768 429 3792 Α
