2400 3840
508 135 633 186 οΓΔοΗ
1012 135 1076 198 221

54 294 116 361 καὶ
143 303 246 361 ταῦτα
274 293 502 379 ἐντειλάμενος
532 306 604 371 τοῖς
635 295 738 378 υἱοῖς,
770 296 916 380 πονηρὸς
944 295 992 360 ών
1024 295 1079 361 καὶ

57 401 183 486 ἀσεβὴς
204 402 356 485 πρόσεισι
379 410 424 488 τῶ
439 398 636 490 Ἱεροβοάμῳ
659 402 718 466 καί
739 400 785 466 ’τί
806 400 847 483 δή
870 397 943 465 ποτ’
966 398 1080 486 έταρά-

58 507 158 594 χθης’
181 502 275 573 εἶπεν
299 505 374 572 εὑπὸ
398 516 466 571 τῶν
488 514 549 572 τοῦ
572 505 716 589 ἀνοήτου
739 504 875 589 λόγῶν;’
899 505 944 583 ώς
966 503 1080 572 δὲκαὶ

58 618 102 681 τά
129 612 204 700 περὶ
231 615 269 679 τὸ
296 613 539 698 θυσιαστήριον
566 612 654 701 αύτῷ
681 609 737 678 καὶ
764 611 826 695 τήν
855 612 959 678 αὑτοῦ
987 623 1080 698 χεῖρα

29 718 241 804 τδιηγήσαθ’
272 720 291 786 ό
321 719 491 804 βασιλεύς,
523 726 621 785 θεῖον
652 718 788 802 ἀληθῶς
818 717 874 784 καὶ
905 721 1081 807 προφήτην

60 830 199 913 ἀριστον
227 826 420 910 ἀποκαλῶν,
451 823 573 913 ήρξατο
599 827 725 909 ταύτην
752 825 856 892 αὐτοῦ
888 827 950 910 τὴν
980 825 1082 905 δόξαν

59 933 222 1000 ἀναλύειν
247 943 445 1018 κακουργῶν
470 929 526 997 καί
554 938 714 1009 πιθανοῖς
742 929 819 1017 περὶ
850 943 918 998 τῶν
947 955 1082 1016 γεγενη-

59 1039 173 1124 μένων
195 1041 364 1125 χρώμενος
386 1041 499 1122 λόγοις
516 1038 677 1122 βλάπτειν
698 1039 810 1104 αὐτῶν
828 1040 890 1123 τήν
909 1039 1081 1123 ἀλήθειαν.

60 1146 173 1228 <244>
197 1144 356 1231 ἐπεχείρει
379 1146 443 1231 γάρ
465 1147 599 1211 πείθειν
617 1145 721 1210 αὐτὸν
743 1145 788 1222 ώς
810 1145 875 1212 ὑπὸ
893 1148 1000 1211 κόπου
1020 1142 1082 1230 μέν

22 1251 82 1334 1οὴ
106 1248 178 1337 χεὶρ
206 1251 295 1340 αὐτῷ
323 1252 512 1339 ναρκήσειε,
540 1251 747 1335 βαστάζουσα
772 1252 832 1328 τὰς
853 1253 992 1336 θυσίας,
1020 1247 1079 1317 εἶτ’

64 1357 224 1423 ἀνεθεῖσα
246 1358 348 1424 πάλιν
372 1360 420 1434 είς
441 1357 503 1440 την
526 1357 629 1441 αὑτῆς
647 1354 827 1423 ἐπανέλθοι
845 1357 960 1441 φύσιν,
982 1359 1021 1422 τὸ
1045 1353 1082 1421 δέ

64 1465 307 1550 θυσιαστήριον
331 1463 371 1529 δν
393 1465 512 1530 καινὸν
533 1461 590 1529 καὶ
613 1462 793 1548 δεξάμενον
815 1467 939 1540 θυσίας
958 1463 1083 1538 πολλάς

62 1568 119 1635 καί
143 1572 287 1654 μεγάλας
312 1571 429 1657 ῥαγείη
455 1567 511 1635 καί
538 1567 634 1636 πέσοι
662 1571 719 1635 διά
745 1571 848 1656 βάρος
874 1580 943 1635 τῶν
968 1568 1082 1652 έπενη-

63 1674 244 1760 νεγμένων.
290 1675 412 1759 έδήλου
440 1674 470 1741 δ’
497 1675 586 1765 αὐτῶ
613 1674 669 1741 καί
695 1678 755 1742 τὸν
782 1676 933 1742 θάνατον
959 1685 1020 1743 τοῦ
1043 1676 1082 1740 τά

20 1803 49 1844 1⁵
64 1791 183 1868 σημεῖα
205 1791 310 1848 ταῦτα
331 1785 581 1870 προειρηκότος,
609 1782 654 1860 ώς
675 1781 741 1848 ὑπὸ
764 1780 899 1858 λέοντος
921 1781 1082 1848 ἀπώλετο·

64 1888 171 1966 οὕτως
198 1886 278 1955 οὐδὲ
304 1889 342 1954 ἓν
369 1886 440 1955 οὔτ’
470 1883 559 1973 εἶχεν
584 1885 656 1953 οὔτ’
688 1884 872 1972 ἐφθέγξατο
900 1888 1083 1972 προφήτου.

64 1995 176 2080 <245>
197 1992 290 2061 ταῦτ’
316 1995 419 2061 είπῶν
441 1997 553 2060 πείθει
580 1996 641 2060 τὸν
668 1991 821 2078 βασιλέα,
847 1990 903 2059 καὶ
928 1993 989 2076 τήν
1013 1992 1084 2058 διά-

63 2124 163 2167 νοιαν
186 2103 291 2168 αὐτοῦ
312 2099 432 2180 τελέως
450 2099 659 2187 ἀποστρέψας
677 2099 742 2166 ἀπὸ
762 2108 823 2166 τοῦ
840 2106 930 2178 θεοῦῥ
942 2096 998 2165 καὶ
1007 2110 1085 2166 τῶν

65 2207 206 2274 δικαίων
236 2206 292 2274 καί
324 2208 428 2276 ὁσίων
457 2211 565 2294 ἔργον
601 2205 655 2274 έπί
690 2208 750 2285 τάς
785 2207 916 2293 ἀσεβεῖς
950 2205 1084 2293 πράξεις

21 2335 51 2375 εο
64 2315 297 2400 παρώρμησεν.
341 2315 427 2380 οὕτω
447 2311 479 2378 δ’
500 2313 672 2402 ἐξύβρισεν
691 2316 739 2392 είς
756 2316 793 2381 τὸ
812 2320 911 2380 θεῖον
927 2311 983 2379 καί
1001 2336 1084 2399 παρ-

65 2422 233 2504 ηνόμησεν
255 2421 301 2499 ώς
323 2417 424 2487 οὐδὲν
447 2422 528 2487 ἀλλο
550 2419 629 2487 καθ’
650 2419 778 2508 ήμέραν
797 2425 906 2506 ζητεῖν
923 2419 944 2504 ή
962 2424 998 2486 τί
1012 2445 1084 2486 και-

65 2528 129 2591 νὸν
150 2524 206 2592 καί
229 2529 436 2614 μιαρώτερον
457 2537 525 2591 τῶν
547 2528 611 2610 ήδη
629 2525 881 2611 τετολμημένων
899 2526 1084 2612 ἐργάσηται.

133 2631 189 2698 καὶ
211 2634 251 2698 τά
273 2632 335 2718 μὲν
359 2630 436 2718 περὶ
455 2629 666 2717 Ἱεροβοάμου
693 2630 747 2698 ἐπὶ
772 2641 835 2697 τού
861 2634 1026 2717 παρόντος
1048 2631 1085 2696 έν

65 2740 198 2816 τούτοις
219 2738 301 2822 ἡμῖν
323 2738 540 2822 δεδηλώσθω·
563 2737 673 2821 <246>
696 2736 715 2802 δ
736 2734 773 2802 δὲ
792 2741 995 2821 Σολομῶνος
1012 2737 1087 2814 υίὸς
1098 2735 1140 2800 10

25 2863 53 2906 25
63 2843 253 2929 Ῥοβόαμος,
281 2845 300 2911 ό
326 2855 396 2910 τῶν
423 2845 485 2909 δύο
513 2848 631 2928 φυλῶν
658 2844 829 2927 βασιλεύς,
861 2842 907 2920 ώς
932 2844 1087 2930 προειρή-
1134 2848 1136 2853 ’

66 2941 396 3038 καμεν,’ώκοδόμησε
418 2952 531 3027 πόλεις
554 2950 677 3037 ὀχυράς
698 2973 734 3017 τε
755 2947 811 3016 καί
831 2949 976 3035 μεγάλας
994 2953 1087 3033 Βηθ-

66 3054 145 3142 λεὲμ
172 3055 227 3122 καί
252 3053 375 3141 Ἠταμὲ
401 3054 457 3121 καὶ
487 3054 597 3123 Θεκωὲ
625 3054 681 3123 καὶ
708 3058 869 3143 Βηθσοὺρ
896 3054 952 3122 καὶ
980 3057 1086 3141 Σωχὼ

66 3162 123 3230 καί
149 3161 310 3248 Ὀδολλάμ
340 3162 396 3230 καί
420 3160 512 3229 Ἰπάν
537 3161 593 3229 καὶ
619 3165 802 3250 Μάρισσαν
827 3161 883 3229 καί
912 3164 1003 3248 Ζιφὰ
1030 3159 1087 3228 καὶ

64 3267 231 3357 Ἀδώραίμ
253 3268 309 3338 καὶ
328 3267 434 3355 Λαχίς
456 3267 646 3354 καῖ”Αζηκά
667 3268 724 3335 καὶ
742 3272 877 3356 Σαραλμ
898 3268 955 3335 καὶ
975 3267 1088 3354 Ἠλὼμ

26 3393 54 3434 ³⁰
68 3374 124 3440 καὶ
150 3381 320 3464 Χεβρῶνα.
365 3377 483 3460 <247>
511 3377 633 3453 ταύτας
659 3372 720 3460 μέν
747 3374 784 3440 έν
811 3385 850 3462 τῇ
875 3373 984 3442 Ἰούδα
1010 3382 1088 3459 κλη-

143 3504 225 3564 ςειε
246 3525 279 3546 =
298 3499 398 3568 ειυς.
413 3499 479 3552 xm
493 3503 535 3554 30.
609 3503 692 3566 ςειε
712 3524 747 3545 =.-.
764 3497 996 3554 mmmm.
