<?xml version="1.0" encoding="UTF-8"?>
<!DOCTYPE html PUBLIC "-//W3C//DTD XHTML 1.0 Transitional//EN"
    "http://www.w3.org/TR/xhtml1/DTD/xhtml1-transitional.dtd">
<html xmlns="http://www.w3.org/1999/xhtml" xml:lang="en" lang="en">
 <head>
  <title>
</title>
<meta http-equiv="Content-Type" content="text/html;charset=utf-8" />
  <meta name='ocr-system' content='tesseract 3.04.00' />
  <meta name='ocr-capabilities' content='ocr_page ocr_carea ocr_par ocr_line ocrx_word'/>
</head>
<body>
  <div class='ocr_page' id='page_1' title='image "./operaomniaposti03nabegoog_0358.png"; bbox 0 0 2400 3840; ppageno 0'>
   <div class='ocr_carea' id='block_1_1' title="bbox 111 129 755 211">
    <p class='ocr_par' dir='ltr' id='par_1_1' title="bbox 111 129 755 211">
     <span class='ocr_line' id='line_1_1' title="bbox 111 129 755 211; baseline -0.002 -15"><span class='ocrx_word' id='word_1_1' title='bbox 111 146 179 211; x_wconf 81' lang='lat'><strong><em>304</em></strong></span> <span class='ocrx_word' id='word_1_2' title='bbox 232 129 234 137; x_wconf 87' lang='lat'>&#39;</span> <span class='ocrx_word' id='word_1_3' title='bbox 483 145 755 198; x_wconf 72' lang='grc' dir='ltr'><strong><em>εεεειολουιιιι</em></strong></span> 
     </span>
    </p>
   </div>
   <div class='ocr_carea' id='block_1_2' title="bbox 82 304 1196 3563">
    <p class='ocr_par' dir='ltr' id='par_1_2' title="bbox 111 304 1196 1983">
     <span class='ocr_line' id='line_1_2' title="bbox 111 304 1193 395; baseline 0.001 -23"><span class='ocrx_word' id='word_1_4' title='bbox 111 308 261 391; x_wconf 76' lang='grc' dir='ltr'><em>πύργους</em></span> <span class='ocrx_word' id='word_1_5' title='bbox 284 308 427 382; x_wconf 87' lang='grc' dir='ltr'><strong><em>πολλοὺς</em></strong></span> <span class='ocrx_word' id='word_1_6' title='bbox 450 306 654 388; x_wconf 78' lang='grc' dir='ltr'><strong><em>πεντήκοντα</em></strong></span> <span class='ocrx_word' id='word_1_7' title='bbox 675 306 809 389; x_wconf 81' lang='grc' dir='ltr'><strong><em>πήχεων</em></strong></span> <span class='ocrx_word' id='word_1_8' title='bbox 831 304 893 371; x_wconf 82' lang='grc' dir='ltr'><strong><em>καὶ</em></strong></span> <span class='ocrx_word' id='word_1_9' title='bbox 918 305 1055 376; x_wconf 83' lang='grc' dir='ltr'><strong><em>ἑκατόν.</em></strong></span> <span class='ocrx_word' id='word_1_10' title='bbox 1095 307 1140 374; x_wconf 79' lang='grc' dir='ltr'><strong><em>καὶ</em></strong></span> <span class='ocrx_word' id='word_1_11' title='bbox 1192 392 1193 395; x_wconf 9' lang='lat'>¹</span> 
     </span>
     <span class='ocr_line' id='line_1_3' title="bbox 113 409 1141 500; baseline 0.004 -22"><span class='ocrx_word' id='word_1_12' title='bbox 113 415 286 500; x_wconf 85' lang='grc' dir='ltr'><strong><em>φρουροὺς</em></strong></span> <span class='ocrx_word' id='word_1_13' title='bbox 308 409 339 478; x_wconf 89' lang='grc' dir='ltr'><strong><em>δ’</em></strong></span> <span class='ocrx_word' id='word_1_14' title='bbox 364 410 540 496; x_wconf 79' lang='grc' dir='ltr'><strong><em>ἐνετείχισε</em></strong></span> <span class='ocrx_word' id='word_1_15' title='bbox 562 422 633 489; x_wconf 79' lang='grc' dir='ltr'><strong><em>τοῖς</em></strong></span> <span class='ocrx_word' id='word_1_16' title='bbox 655 410 789 498; x_wconf 78' lang='grc' dir='ltr'><strong><em>ἐρήμοις</em></strong></span> <span class='ocrx_word' id='word_1_17' title='bbox 806 416 964 500; x_wconf 77' lang='grc' dir='ltr'><em>χωρίοις,</em></span> <span class='ocrx_word' id='word_1_18' title='bbox 988 414 1049 482; x_wconf 83' lang='grc' dir='ltr'><strong><em>καὶ</em></strong></span> <span class='ocrx_word' id='word_1_19' title='bbox 1072 422 1141 482; x_wconf 93' lang='grc' dir='ltr'><strong><em>πολ-</em></strong></span> 
     </span>
     <span class='ocr_line' id='line_1_4' title="bbox 112 512 1194 608; baseline 0.004 -21"><span class='ocrx_word' id='word_1_20' title='bbox 112 524 193 598; x_wconf 89' lang='grc' dir='ltr'><strong><em>λοὺς</em></strong></span> <span class='ocrx_word' id='word_1_21' title='bbox 216 520 350 605; x_wconf 87' lang='grc' dir='ltr'><strong><em>ὀχετοὺς</em></strong></span> <span class='ocrx_word' id='word_1_22' title='bbox 373 517 499 605; x_wconf 77' lang='grc' dir='ltr'><strong><em>ὤρυξεν</em></strong></span> <span class='ocrx_word' id='word_1_23' title='bbox 520 517 663 584; x_wconf 81' lang='grc' dir='ltr'><strong><em>ὑδάτων.</em></strong></span> <span class='ocrx_word' id='word_1_24' title='bbox 704 512 747 601; x_wconf 77' lang='grc' dir='ltr'><strong><em>ἦν</em></strong></span> <span class='ocrx_word' id='word_1_25' title='bbox 770 516 800 583; x_wconf 83' lang='grc' dir='ltr'><strong><em>δ’</em></strong></span> <span class='ocrx_word' id='word_1_26' title='bbox 824 518 921 608; x_wconf 72' lang='grc' dir='ltr'><strong><em>αὐτῷ</em></strong></span> <span class='ocrx_word' id='word_1_27' title='bbox 945 521 1006 588; x_wconf 79' lang='grc' dir='ltr'><strong><em>καὶ</em></strong></span> <span class='ocrx_word' id='word_1_28' title='bbox 1028 525 1141 602; x_wconf 82' lang='grc' dir='ltr'><strong><em>ύποζ-</em></strong></span> <span class='ocrx_word' id='word_1_29' title='bbox 1193 516 1194 519; x_wconf 31' lang='grc'><strong>“</strong></span> 
     </span>
     <span class='ocr_line' id='line_1_5' title="bbox 112 623 1139 714; baseline 0.005 -23"><span class='ocrx_word' id='word_1_30' title='bbox 112 630 197 709; x_wconf 92' lang='grc' dir='ltr'><strong><em>γίων</em></strong></span> <span class='ocrx_word' id='word_1_31' title='bbox 223 623 280 690; x_wconf 82' lang='grc' dir='ltr'><strong><em>καὶ</em></strong></span> <span class='ocrx_word' id='word_1_32' title='bbox 306 635 374 690; x_wconf 78' lang='grc' dir='ltr'><strong><em>τῶν</em></strong></span> <span class='ocrx_word' id='word_1_33' title='bbox 401 625 513 690; x_wconf 87' lang='grc' dir='ltr'><strong><em>ἀλλων</em></strong></span> <span class='ocrx_word' id='word_1_34' title='bbox 538 623 741 710; x_wconf 77' lang='grc' dir='ltr'><strong><em>θρεμμάτων</em></strong></span> <span class='ocrx_word' id='word_1_35' title='bbox 767 624 911 711; x_wconf 78' lang='grc' dir='ltr'><strong><em>ἀπειρόν</em></strong></span> <span class='ocrx_word' id='word_1_36' title='bbox 941 651 978 693; x_wconf 91' lang='grc' dir='ltr'><strong><em>τι</em></strong></span> <span class='ocrx_word' id='word_1_37' title='bbox 1001 636 1139 714; x_wconf 78' lang='grc' dir='ltr'><strong><em>πλῆθος·</em></strong></span> 
     </span>
     <span class='ocr_line' id='line_1_6' title="bbox 113 724 1156 821; baseline 0.004 -23"><span class='ocrx_word' id='word_1_38' title='bbox 113 733 221 815; x_wconf 78' lang='lat'>&lt;220&gt;</span> <span class='ocrx_word' id='word_1_39' title='bbox 245 731 371 816; x_wconf 77' lang='grc' dir='ltr'><strong><em>εὐφυὴς</em></strong></span> <span class='ocrx_word' id='word_1_40' title='bbox 394 732 457 815; x_wconf 85' lang='grc' dir='ltr'><strong><em>γάρ</em></strong></span> <span class='ocrx_word' id='word_1_41' title='bbox 479 724 523 813; x_wconf 72' lang='grc' dir='ltr'><strong><em>ἣν</em></strong></span> <span class='ocrx_word' id='word_1_42' title='bbox 544 729 566 813; x_wconf 78' lang='grc' dir='ltr'>ἡ</span> <span class='ocrx_word' id='word_1_43' title='bbox 583 731 675 815; x_wconf 82' lang='grc' dir='ltr'><strong><em>χώρα</em></strong></span> <span class='ocrx_word' id='word_1_44' title='bbox 692 731 776 815; x_wconf 88' lang='grc' dir='ltr'><strong><em>πρὸς</em></strong></span> <span class='ocrx_word' id='word_1_45' title='bbox 797 731 914 815; x_wconf 86' lang='grc' dir='ltr'><strong><em>νομάς.</em></strong></span> <span class='ocrx_word' id='word_1_46' title='bbox 960 739 1156 821; x_wconf 75' lang='grc' dir='ltr'><strong><em>γεωργικός5</em></strong></span> 
     </span>
     <span class='ocr_line' id='line_1_7' title="bbox 115 833 1139 925; baseline 0.004 -23"><span class='ocrx_word' id='word_1_47' title='bbox 115 836 145 902; x_wconf 87' lang='grc' dir='ltr'><strong><em>δ’</em></strong></span> <span class='ocrx_word' id='word_1_48' title='bbox 172 839 221 904; x_wconf 78' lang='grc' dir='ltr'><strong><em>ὢν</em></strong></span> <span class='ocrx_word' id='word_1_49' title='bbox 244 838 375 922; x_wconf 90' lang='grc' dir='ltr'><strong><em>σφόδρα</em></strong></span> <span class='ocrx_word' id='word_1_50' title='bbox 402 845 461 920; x_wconf 79' lang='grc' dir='ltr'><strong><em>τῆς</em></strong></span> <span class='ocrx_word' id='word_1_51' title='bbox 486 844 548 919; x_wconf 75' lang='grc' dir='ltr'><strong><em>γῆς</em></strong></span> <span class='ocrx_word' id='word_1_52' title='bbox 575 833 777 921; x_wconf 74' lang='grc' dir='ltr'><strong><em>ἐπεμελεῖτο,</em></strong></span> <span class='ocrx_word' id='word_1_53' title='bbox 804 847 930 920; x_wconf 82' lang='grc' dir='ltr'><strong><em>φυτοίς</em></strong></span> <span class='ocrx_word' id='word_1_54' title='bbox 957 841 1071 925; x_wconf 77' lang='grc' dir='ltr'><strong><em>αὐτὴν</em></strong></span> <span class='ocrx_word' id='word_1_55' title='bbox 1093 842 1139 909; x_wconf 81' lang='grc' dir='ltr'><strong><em>καλ</em></strong></span> 
     </span>
     <span class='ocr_line' id='line_1_8' title="bbox 115 939 1193 1032; baseline 0.006 -23"><span class='ocrx_word' id='word_1_56' title='bbox 115 944 341 1019; x_wconf 72' lang='grc' dir='ltr'><strong><em>παντοδαποῖς</em></strong></span> <span class='ocrx_word' id='word_1_57' title='bbox 357 948 509 1024; x_wconf 81' lang='grc' dir='ltr'><strong><em>τιθηνῶν</em></strong></span> <span class='ocrx_word' id='word_1_58' title='bbox 527 939 701 1028; x_wconf 81' lang='grc' dir='ltr'><strong><em>σπέρμασι.</em></strong></span> <span class='ocrx_word' id='word_1_59' title='bbox 738 951 892 1028; x_wconf 86' lang='grc' dir='ltr'><strong><em>στρατιάς</em></strong></span> <span class='ocrx_word' id='word_1_60' title='bbox 909 943 945 1008; x_wconf 85' lang='grc' dir='ltr'><strong><em>δ’</em></strong></span> <span class='ocrx_word' id='word_1_61' title='bbox 964 942 1061 1032; x_wconf 86' lang='grc' dir='ltr'><strong><em>εἶχεν</em></strong></span> <span class='ocrx_word' id='word_1_62' title='bbox 1079 947 1139 1014; x_wconf 77' lang='grc' dir='ltr'><strong><em>ἐπι·</em></strong></span> <span class='ocrx_word' id='word_1_63' title='bbox 1192 960 1193 963; x_wconf 75' lang='grc'>’</span> 
     </span>
     <span class='ocr_line' id='line_1_9' title="bbox 115 1044 1138 1139; baseline 0.006 -25"><span class='ocrx_word' id='word_1_64' title='bbox 115 1047 232 1114; x_wconf 78' lang='grc' dir='ltr'><strong><em>λέκτου</em></strong></span> <span class='ocrx_word' id='word_1_65' title='bbox 259 1046 335 1132; x_wconf 85' lang='grc' dir='ltr'><strong><em>περὶ</em></strong></span> <span class='ocrx_word' id='word_1_66' title='bbox 363 1047 466 1114; x_wconf 82' lang='grc' dir='ltr'><strong><em>αὑτὸν</em></strong></span> <span class='ocrx_word' id='word_1_67' title='bbox 494 1048 658 1134; x_wconf 75' lang='grc' dir='ltr'><strong><em>μυριάδας</em></strong></span> <span class='ocrx_word' id='word_1_68' title='bbox 685 1046 766 1114; x_wconf 79' lang='grc' dir='ltr'><strong><em>ἑπτά</em></strong></span> <span class='ocrx_word' id='word_1_69' title='bbox 791 1044 846 1113; x_wconf 80' lang='grc' dir='ltr'><strong><em>καί</em></strong></span> <span class='ocrx_word' id='word_1_70' title='bbox 874 1052 1081 1139; x_wconf 91' lang='grc' dir='ltr'><strong><em>τριάκοντα,</em></strong></span> <span class='ocrx_word' id='word_1_71' title='bbox 1106 1049 1138 1137; x_wconf 72' lang='grc' dir='ltr'><strong><em>ἧς</em></strong></span> 
     </span>
     <span class='ocr_line' id='line_1_10' title="bbox 114 1145 1180 1241; baseline 0.008 -24"><span class='ocrx_word' id='word_1_72' title='bbox 114 1153 273 1237; x_wconf 75' lang='grc' dir='ltr'><strong><em>ἡγεμόνες</em></strong></span> <span class='ocrx_word' id='word_1_73' title='bbox 290 1145 376 1235; x_wconf 74' lang='grc' dir='ltr'><strong><em>ἦσαν</em></strong></span> <span class='ocrx_word' id='word_1_74' title='bbox 394 1151 450 1218; x_wconf 82' lang='grc' dir='ltr'><strong><em>καὶ</em></strong></span> <span class='ocrx_word' id='word_1_75' title='bbox 463 1151 634 1240; x_wconf 81' lang='grc' dir='ltr'><strong><em>ταξίαρχοι</em></strong></span> <span class='ocrx_word' id='word_1_76' title='bbox 652 1152 708 1220; x_wconf 80' lang='grc' dir='ltr'><strong><em>καὶ</em></strong></span> <span class='ocrx_word' id='word_1_77' title='bbox 725 1156 892 1241; x_wconf 91' lang='grc' dir='ltr'><strong><em>χιλίαρχοι</em></strong></span> <span class='ocrx_word' id='word_1_78' title='bbox 910 1171 1073 1238; x_wconf 82' lang='grc' dir='ltr'><strong><em>γενναίοι</em></strong></span> <span class='ocrx_word' id='word_1_79' title='bbox 1090 1158 1137 1226; x_wconf 85' lang='grc' dir='ltr'><strong><em>ιαύ</em></strong></span> <span class='ocrx_word' id='word_1_80' title='bbox 1179 1193 1180 1199; x_wconf 43' lang='lat'>1</span> 
     </span>
     <span class='ocr_line' id='line_1_11' title="bbox 115 1245 1196 1350; baseline 0.002 -25"><span class='ocrx_word' id='word_1_81' title='bbox 115 1259 176 1341; x_wconf 78' lang='grc' dir='ltr'><strong><em>τὴν</em></strong></span> <span class='ocrx_word' id='word_1_82' title='bbox 196 1245 301 1341; x_wconf 75' lang='grc' dir='ltr'><strong><em>ἀλκην</em></strong></span> <span class='ocrx_word' id='word_1_83' title='bbox 320 1258 553 1344; x_wconf 89' lang='grc' dir='ltr'><strong><em>ἀνυπόστατοι,</em></strong></span> <span class='ocrx_word' id='word_1_84' title='bbox 576 1261 636 1326; x_wconf 89' lang='grc' dir='ltr'><strong><em>τὸυ</em></strong></span> <span class='ocrx_word' id='word_1_85' title='bbox 654 1260 801 1346; x_wconf 85' lang='grc' dir='ltr'><strong><em>ἀριθμὸν</em></strong></span> <span class='ocrx_word' id='word_1_86' title='bbox 820 1262 994 1346; x_wconf 83' lang='grc' dir='ltr'><strong><em>δισχίλιοι.</em></strong></span> <span class='ocrx_word' id='word_1_87' title='bbox 1033 1265 1168 1350; x_wconf 68' lang='grc' dir='ltr'><strong><em>&lt;221&gt;1λ</em></strong></span> <span class='ocrx_word' id='word_1_88' title='bbox 1195 1324 1196 1327; x_wconf 74' lang='grc'>,</span> 
     </span>
     <span class='ocr_line' id='line_1_12' title="bbox 112 1364 1137 1453; baseline 0.006 -22"><span class='ocrx_word' id='word_1_89' title='bbox 112 1364 242 1444; x_wconf 76' lang='grc' dir='ltr'><strong><em>διέταξε</em></strong></span> <span class='ocrx_word' id='word_1_90' title='bbox 261 1365 292 1431; x_wconf 88' lang='grc' dir='ltr'><strong><em>δ’</em></strong></span> <span class='ocrx_word' id='word_1_91' title='bbox 309 1368 357 1445; x_wconf 89' lang='grc' dir='ltr'><strong><em>είς</em></strong></span> <span class='ocrx_word' id='word_1_92' title='bbox 375 1367 549 1452; x_wconf 78' lang='grc' dir='ltr'><strong><em>φάλαγγας</em></strong></span> <span class='ocrx_word' id='word_1_93' title='bbox 566 1367 628 1450; x_wconf 77' lang='grc' dir='ltr'><strong><em>τὴν</em></strong></span> <span class='ocrx_word' id='word_1_94' title='bbox 647 1367 730 1450; x_wconf 81' lang='grc' dir='ltr'><strong><em>ὅλην</em></strong></span> <span class='ocrx_word' id='word_1_95' title='bbox 747 1368 916 1453; x_wconf 88' lang='grc' dir='ltr'><strong><em>στρατιάν,</em></strong></span> <span class='ocrx_word' id='word_1_96' title='bbox 936 1368 998 1436; x_wconf 84' lang='grc' dir='ltr'><strong><em>καλ</em></strong></span> <span class='ocrx_word' id='word_1_97' title='bbox 1019 1373 1137 1439; x_wconf 83' lang='grc' dir='ltr'><strong><em>ὥπλισε</em></strong></span> 
     </span>
     <span class='ocr_line' id='line_1_13' title="bbox 116 1461 1137 1565; baseline 0.008 -28"><span class='ocrx_word' id='word_1_98' title='bbox 116 1471 287 1557; x_wconf 74' lang='grc' dir='ltr'><strong><em>ῥομφαίαν</em></strong></span> <span class='ocrx_word' id='word_1_99' title='bbox 310 1475 391 1551; x_wconf 87' lang='grc' dir='ltr'><strong><em>δούς</em></strong></span> <span class='ocrx_word' id='word_1_100' title='bbox 414 1471 537 1563; x_wconf 79' lang='grc' dir='ltr'><strong><em>ἑκάστῳ</em></strong></span> <span class='ocrx_word' id='word_1_101' title='bbox 560 1469 617 1538; x_wconf 83' lang='grc' dir='ltr'><strong><em>καί</em></strong></span> <span class='ocrx_word' id='word_1_102' title='bbox 634 1475 781 1559; x_wconf 83' lang='grc' dir='ltr'><strong><em>θυρεοὺς</em></strong></span> <span class='ocrx_word' id='word_1_103' title='bbox 802 1461 858 1538; x_wconf 82' lang='grc' dir='ltr'><strong><em>καὶ</em></strong></span> <span class='ocrx_word' id='word_1_104' title='bbox 880 1476 1048 1561; x_wconf 81' lang='grc' dir='ltr'><strong><em>θώρακας</em></strong></span> <span class='ocrx_word' id='word_1_105' title='bbox 1066 1485 1137 1565; x_wconf 85' lang='grc' dir='ltr'><strong><em>χαλ-</em></strong></span> 
     </span>
     <span class='ocr_line' id='line_1_14' title="bbox 115 1575 1136 1667; baseline 0.01 -26"><span class='ocrx_word' id='word_1_106' title='bbox 115 1585 196 1653; x_wconf 88' lang='grc' dir='ltr'><strong><em>κοῦς</em></strong></span> <span class='ocrx_word' id='word_1_107' title='bbox 217 1577 273 1642; x_wconf 82' lang='grc' dir='ltr'><strong><em>καὶ</em></strong></span> <span class='ocrx_word' id='word_1_108' title='bbox 296 1578 373 1657; x_wconf 83' lang='grc' dir='ltr'><strong><em>τόξα</em></strong></span> <span class='ocrx_word' id='word_1_109' title='bbox 390 1577 446 1644; x_wconf 84' lang='grc' dir='ltr'><strong><em>καὶ</em></strong></span> <span class='ocrx_word' id='word_1_110' title='bbox 465 1580 662 1663; x_wconf 89' lang='grc' dir='ltr'><strong><em>σφενδόνας.</em></strong></span> <span class='ocrx_word' id='word_1_111' title='bbox 704 1580 751 1644; x_wconf 73' lang='grc' dir='ltr'><strong><em>ότι</em></strong></span> <span class='ocrx_word' id='word_1_112' title='bbox 772 1575 883 1644; x_wconf 77' lang='grc' dir='ltr'><strong><em>δὲκαὶ</em></strong></span> <span class='ocrx_word' id='word_1_113' title='bbox 901 1583 989 1667; x_wconf 86' lang='grc' dir='ltr'><strong><em>πρὸς</em></strong></span> <span class='ocrx_word' id='word_1_114' title='bbox 1009 1587 1136 1661; x_wconf 83' lang='grc' dir='ltr'><strong><em>τούτοις</em></strong></span> 
     </span>
     <span class='ocr_line' id='line_1_15' title="bbox 116 1684 1137 1774; baseline 0.01 -27"><span class='ocrx_word' id='word_1_115' title='bbox 116 1684 332 1768; x_wconf 77' lang='grc' dir='ltr'><strong><em>μηχανήματα</em></strong></span> <span class='ocrx_word' id='word_1_116' title='bbox 359 1687 466 1752; x_wconf 84' lang='grc' dir='ltr'><strong><em>πολλά</em></strong></span> <span class='ocrx_word' id='word_1_117' title='bbox 492 1686 577 1772; x_wconf 88' lang='grc' dir='ltr'><strong><em>πρὸς</em></strong></span> <span class='ocrx_word' id='word_1_118' title='bbox 602 1687 796 1772; x_wconf 82' lang='grc' dir='ltr'><strong><em>πολιορκίας</em></strong></span> <span class='ocrx_word' id='word_1_119' title='bbox 817 1689 1058 1774; x_wconf 87' lang='grc' dir='ltr'><strong><em>κατεσκεύασε,</em></strong></span> <span class='ocrx_word' id='word_1_120' title='bbox 1086 1712 1137 1756; x_wconf 90' lang='grc' dir='ltr'><strong><em>πε-</em></strong></span> 
     </span>
     <span class='ocr_line' id='line_1_16' title="bbox 117 1789 1165 1883; baseline 0.01 -29"><span class='ocrx_word' id='word_1_121' title='bbox 117 1793 259 1876; x_wconf 80' lang='grc' dir='ltr'><strong><em>τροβόλα</em></strong></span> <span class='ocrx_word' id='word_1_122' title='bbox 286 1813 322 1857; x_wconf 91' lang='grc' dir='ltr'><strong><em>τε</em></strong></span> <span class='ocrx_word' id='word_1_123' title='bbox 349 1789 404 1857; x_wconf 85' lang='grc' dir='ltr'><strong><em>καὶ</em></strong></span> <span class='ocrx_word' id='word_1_124' title='bbox 432 1793 600 1878; x_wconf 85' lang='grc' dir='ltr'><strong><em>δορυβόλα</em></strong></span> <span class='ocrx_word' id='word_1_125' title='bbox 624 1789 693 1874; x_wconf 80' lang='grc' dir='ltr'><strong><em>[καὶ</em></strong></span> <span class='ocrx_word' id='word_1_126' title='bbox 720 1791 876 1878; x_wconf 81' lang='grc' dir='ltr'><strong><em>ἀρτηρας]</em></strong></span> <span class='ocrx_word' id='word_1_127' title='bbox 899 1791 958 1858; x_wconf 84' lang='grc' dir='ltr'><strong><em>καὶ</em></strong></span> <span class='ocrx_word' id='word_1_128' title='bbox 986 1797 1138 1883; x_wconf 74' lang='grc' dir='ltr'><strong><em>ἅρπαγας</em></strong></span> <span class='ocrx_word' id='word_1_129' title='bbox 1148 1808 1165 1850; x_wconf 83' lang='lat'><strong><em>1⁵</em></strong></span> 
     </span>
     <span class='ocr_line' id='line_1_17' title="bbox 116 1895 539 1983; baseline 0.007 -23"><span class='ocrx_word' id='word_1_130' title='bbox 116 1895 172 1961; x_wconf 82' lang='grc' dir='ltr'><strong><em>καὶ</em></strong></span> <span class='ocrx_word' id='word_1_131' title='bbox 195 1897 256 1963; x_wconf 84' lang='grc' dir='ltr'><strong><em>ὅσα</em></strong></span> <span class='ocrx_word' id='word_1_132' title='bbox 278 1899 410 1976; x_wconf 83' lang='grc' dir='ltr'><strong><em>τούτοις</em></strong></span> <span class='ocrx_word' id='word_1_133' title='bbox 433 1899 539 1983; x_wconf 84' lang='grc' dir='ltr'><strong><em>ὅμοια.</em></strong></span> 
     </span>
    </p>

    <p class='ocr_par' dir='ltr' id='par_1_3' title="bbox 82 2001 1176 3464">
     <span class='ocr_line' id='line_1_18' title="bbox 82 2001 1138 2096; baseline 0.004 -25"><span class='ocrx_word' id='word_1_134' title='bbox 82 2023 99 2071; x_wconf 82' lang='lat'>4</span> <span class='ocrx_word' id='word_1_135' title='bbox 184 2004 294 2088; x_wconf 77' lang='lat'>&lt;222&gt;</span> <span class='ocrx_word' id='word_1_136' title='bbox 313 2007 492 2089; x_wconf 89' lang='grc' dir='ltr'><strong><em>γενόμενος</em></strong></span> <span class='ocrx_word' id='word_1_137' title='bbox 515 2001 545 2067; x_wconf 87' lang='grc' dir='ltr'><strong><em>δ’</em></strong></span> <span class='ocrx_word' id='word_1_138' title='bbox 568 2001 605 2069; x_wconf 81' lang='grc' dir='ltr'><strong><em>ἐν</em></strong></span> <span class='ocrx_word' id='word_1_139' title='bbox 622 2006 759 2089; x_wconf 88' lang='grc' dir='ltr'><strong><em>τοιαύτη</em></strong></span> <span class='ocrx_word' id='word_1_140' title='bbox 781 2003 935 2082; x_wconf 84' lang='grc' dir='ltr'><strong><em>συντάξει</em></strong></span> <span class='ocrx_word' id='word_1_141' title='bbox 953 2004 1012 2070; x_wconf 83' lang='grc' dir='ltr'><strong><em>καὶ</em></strong></span> <span class='ocrx_word' id='word_1_142' title='bbox 1034 2032 1138 2096; x_wconf 89' lang='grc' dir='ltr'><strong><em>παρα-</em></strong></span> 
     </span>
     <span class='ocr_line' id='line_1_19' title="bbox 118 2110 1139 2199; baseline 0.008 -26"><span class='ocrx_word' id='word_1_143' title='bbox 118 2118 217 2192; x_wconf 77' lang='grc' dir='ltr'><strong><em>σκευῇ</em></strong></span> <span class='ocrx_word' id='word_1_144' title='bbox 250 2111 419 2196; x_wconf 76' lang='grc' dir='ltr'><strong><em>διεφθάρη</em></strong></span> <span class='ocrx_word' id='word_1_145' title='bbox 451 2110 512 2193; x_wconf 80' lang='grc' dir='ltr'><strong><em>τὴν</em></strong></span> <span class='ocrx_word' id='word_1_146' title='bbox 544 2110 698 2176; x_wconf 92' lang='grc' dir='ltr'><strong><em>διάνοιαν</em></strong></span> <span class='ocrx_word' id='word_1_147' title='bbox 724 2110 789 2176; x_wconf 84' lang='grc' dir='ltr'><strong><em>ὑπὸ</em></strong></span> <span class='ocrx_word' id='word_1_148' title='bbox 821 2111 945 2194; x_wconf 93' lang='grc' dir='ltr'><strong><em>τύφου,</em></strong></span> <span class='ocrx_word' id='word_1_149' title='bbox 977 2111 1037 2178; x_wconf 86' lang='grc' dir='ltr'><strong><em>καὶ</em></strong></span> <span class='ocrx_word' id='word_1_150' title='bbox 1060 2140 1139 2199; x_wconf 91' lang='grc' dir='ltr'><strong><em>χαυ-</em></strong></span> 
     </span>
     <span class='ocr_line' id='line_1_20' title="bbox 116 2211 1139 2301; baseline 0.01 -24"><span class='ocrx_word' id='word_1_151' title='bbox 116 2211 240 2288; x_wconf 76' lang='grc' dir='ltr'><strong><em>νωθεὶς</em></strong></span> <span class='ocrx_word' id='word_1_152' title='bbox 252 2220 361 2298; x_wconf 72' lang='grc' dir='ltr'><strong><em>θνητῇ</em></strong></span> <span class='ocrx_word' id='word_1_153' title='bbox 375 2216 551 2300; x_wconf 79' lang='grc' dir='ltr'><strong><em>περιουσία</em></strong></span> <span class='ocrx_word' id='word_1_154' title='bbox 568 2222 627 2297; x_wconf 80' lang='grc' dir='ltr'><strong><em>τῆς</em></strong></span> <span class='ocrx_word' id='word_1_155' title='bbox 645 2215 817 2282; x_wconf 82' lang='grc' dir='ltr'><strong><em>ἀθανάτου</em></strong></span> <span class='ocrx_word' id='word_1_156' title='bbox 835 2213 988 2301; x_wconf 84' lang='grc' dir='ltr'><strong><em>καὶπρὸς</em></strong></span> <span class='ocrx_word' id='word_1_157' title='bbox 1006 2219 1139 2287; x_wconf 73' lang='grc' dir='ltr'><strong><em>ἅπαντα</em></strong></span> 
     </span>
     <span class='ocr_line' id='line_1_21' title="bbox 117 2318 1172 2410; baseline 0.002 -29"><span class='ocrx_word' id='word_1_158' title='bbox 117 2318 274 2400; x_wconf 86' lang='grc' dir='ltr'><strong><em>διαρκοῦς</em></strong></span> <span class='ocrx_word' id='word_1_159' title='bbox 300 2319 361 2382; x_wconf 87' lang='grc' dir='ltr'><strong><em>τὸν</em></strong></span> <span class='ocrx_word' id='word_1_160' title='bbox 387 2321 510 2404; x_wconf 93' lang='grc' dir='ltr'><strong><em>χρόνον</em></strong></span> <span class='ocrx_word' id='word_1_161' title='bbox 539 2320 652 2403; x_wconf 82' lang='grc' dir='ltr'><strong><em>ἰσχύος</em></strong></span> <span class='ocrx_word' id='word_1_162' title='bbox 680 2320 891 2407; x_wconf 81' lang='grc' dir='ltr'><strong><em>ὠλιγώρησεν</em></strong></span> <span class='ocrx_word' id='word_1_163' title='bbox 913 2320 1012 2407; x_wconf 81' lang='grc' dir='ltr'><strong><em>(αὕτη</em></strong></span> <span class='ocrx_word' id='word_1_164' title='bbox 1037 2324 1072 2389; x_wconf 81' lang='grc' dir='ltr'><strong><em>δ’</em></strong></span> <span class='ocrx_word' id='word_1_165' title='bbox 1098 2321 1172 2410; x_wconf 78' lang='grc' dir='ltr'><strong><em>ἦυιο</em></strong></span> 
     </span>
     <span class='ocr_line' id='line_1_22' title="bbox 116 2421 1139 2517; baseline 0.009 -31"><span class='ocrx_word' id='word_1_166' title='bbox 116 2422 136 2506; x_wconf 78' lang='grc' dir='ltr'><strong><em>ἡ</em></strong></span> <span class='ocrx_word' id='word_1_167' title='bbox 160 2424 243 2508; x_wconf 84' lang='grc' dir='ltr'><strong><em>πρὸς</em></strong></span> <span class='ocrx_word' id='word_1_168' title='bbox 269 2424 330 2489; x_wconf 90' lang='grc' dir='ltr'><strong><em>τὸν</em></strong></span> <span class='ocrx_word' id='word_1_169' title='bbox 356 2427 441 2490; x_wconf 88' lang='grc' dir='ltr'><strong><em>θεὸν</em></strong></span> <span class='ocrx_word' id='word_1_170' title='bbox 464 2421 614 2509; x_wconf 80' lang='grc' dir='ltr'><strong><em>εὐσέβεια</em></strong></span> <span class='ocrx_word' id='word_1_171' title='bbox 641 2422 697 2489; x_wconf 83' lang='grc' dir='ltr'><strong><em>καὶ</em></strong></span> <span class='ocrx_word' id='word_1_172' title='bbox 724 2429 762 2491; x_wconf 89' lang='grc' dir='ltr'><strong><em>τὸ</em></strong></span> <span class='ocrx_word' id='word_1_173' title='bbox 785 2438 899 2514; x_wconf 77' lang='grc' dir='ltr'><strong><em>τηρεῖν</em></strong></span> <span class='ocrx_word' id='word_1_174' title='bbox 921 2429 962 2492; x_wconf 85' lang='grc' dir='ltr'><strong><em>τά</em></strong></span> <span class='ocrx_word' id='word_1_175' title='bbox 984 2431 1139 2517; x_wconf 88' lang='grc' dir='ltr'><strong><em>νόμιμα),</em></strong></span> 
     </span>
     <span class='ocr_line' id='line_1_23' title="bbox 116 2528 1140 2624; baseline 0.009 -28"><span class='ocrx_word' id='word_1_176' title='bbox 116 2531 226 2614; x_wconf 75' lang='grc'>&lt;223&gt;</span> <span class='ocrx_word' id='word_1_177' title='bbox 256 2532 380 2599; x_wconf 76' lang='grc' dir='ltr'><strong><em>ὤλισθε</em></strong></span> <span class='ocrx_word' id='word_1_178' title='bbox 408 2529 439 2597; x_wconf 82' lang='grc' dir='ltr'><strong><em>δ’</em></strong></span> <span class='ocrx_word' id='word_1_179' title='bbox 465 2528 520 2599; x_wconf 79' lang='grc' dir='ltr'><strong><em>ἀπ’</em></strong></span> <span class='ocrx_word' id='word_1_180' title='bbox 548 2532 728 2619; x_wconf 85' lang='grc' dir='ltr'><strong><em>εὐπραγίας</em></strong></span> <span class='ocrx_word' id='word_1_181' title='bbox 754 2531 809 2624; x_wconf 83' lang='grc' dir='ltr'><strong><em>καὶ</em></strong></span> <span class='ocrx_word' id='word_1_182' title='bbox 836 2532 1025 2619; x_wconf 80' lang='grc' dir='ltr'><strong><em>κατηνέχθη</em></strong></span> <span class='ocrx_word' id='word_1_183' title='bbox 1052 2542 1140 2624; x_wconf 84' lang='grc' dir='ltr'><strong><em>πρὸς</em></strong></span> 
     </span>
     <span class='ocr_line' id='line_1_24' title="bbox 116 2638 1140 2727; baseline 0.009 -25"><span class='ocrx_word' id='word_1_184' title='bbox 116 2639 157 2702; x_wconf 86' lang='grc' dir='ltr'><strong><em>τά</em></strong></span> <span class='ocrx_word' id='word_1_185' title='bbox 184 2647 244 2704; x_wconf 90' lang='grc' dir='ltr'><strong><em>τοῦ</em></strong></span> <span class='ocrx_word' id='word_1_186' title='bbox 271 2641 395 2727; x_wconf 85' lang='grc' dir='ltr'><strong><em>πατρὸς</em></strong></span> <span class='ocrx_word' id='word_1_187' title='bbox 422 2639 650 2727; x_wconf 77' lang='grc' dir='ltr'><strong><em>ἁμαρτήματα,</em></strong></span> <span class='ocrx_word' id='word_1_188' title='bbox 680 2641 763 2725; x_wconf 88' lang='grc' dir='ltr'><strong><em>πρὸς</em></strong></span> <span class='ocrx_word' id='word_1_189' title='bbox 789 2639 810 2703; x_wconf 83' lang='grc' dir='ltr'><strong><em>δ</em></strong></span> <span class='ocrx_word' id='word_1_190' title='bbox 836 2638 992 2705; x_wconf 87' lang='grc' dir='ltr'><strong><em>κάκείνου</em></strong></span> <span class='ocrx_word' id='word_1_191' title='bbox 1019 2641 1040 2724; x_wconf 79' lang='grc' dir='ltr'><strong><em>η</em></strong></span> <span class='ocrx_word' id='word_1_192' title='bbox 1069 2656 1140 2711; x_wconf 80' lang='grc' dir='ltr'><strong><em>τῶν</em></strong></span> 
     </span>
     <span class='ocr_line' id='line_1_25' title="bbox 118 2745 1139 2836; baseline 0.006 -26"><span class='ocrx_word' id='word_1_193' title='bbox 118 2746 258 2830; x_wconf 86' lang='grc' dir='ltr'><strong><em>ἀγαθῶν</em></strong></span> <span class='ocrx_word' id='word_1_194' title='bbox 285 2750 474 2833; x_wconf 88' lang='grc' dir='ltr'><strong><em>λαμπρότης</em></strong></span> <span class='ocrx_word' id='word_1_195' title='bbox 501 2746 556 2813; x_wconf 82' lang='grc' dir='ltr'><strong><em>καὶ</em></strong></span> <span class='ocrx_word' id='word_1_196' title='bbox 584 2749 622 2813; x_wconf 87' lang='grc' dir='ltr'><strong><em>τὸ</em></strong></span> <span class='ocrx_word' id='word_1_197' title='bbox 653 2745 795 2831; x_wconf 85' lang='grc' dir='ltr'><strong><em>με’γεθος</em></strong></span> <span class='ocrx_word' id='word_1_198' title='bbox 822 2755 890 2811; x_wconf 83' lang='grc' dir='ltr'><strong><em>τῶν</em></strong></span> <span class='ocrx_word' id='word_1_199' title='bbox 922 2748 1139 2836; x_wconf 88' lang='grc' dir='ltr'><strong><em>πραγμάτων,</em></strong></span> 
     </span>
     <span class='ocr_line' id='line_1_26' title="bbox 119 2851 1174 2940; baseline 0.007 -24"><span class='ocrx_word' id='word_1_200' title='bbox 119 2852 159 2917; x_wconf 93' lang='grc' dir='ltr'><strong><em>ού</em></strong></span> <span class='ocrx_word' id='word_1_201' title='bbox 187 2852 378 2936; x_wconf 80' lang='grc' dir='ltr'><strong><em>δυνηθέντα</em></strong></span> <span class='ocrx_word' id='word_1_202' title='bbox 405 2862 589 2940; x_wconf 74' lang='grc' dir='ltr'><strong><em>προστῆναι</em></strong></span> <span class='ocrx_word' id='word_1_203' title='bbox 615 2859 723 2930; x_wconf 78' lang='grc' dir='ltr'><strong><em>καλῶς</em></strong></span> <span class='ocrx_word' id='word_1_204' title='bbox 749 2851 874 2936; x_wconf 80' lang='grc' dir='ltr'><strong><em>αὐτῶν,</em></strong></span> <span class='ocrx_word' id='word_1_205' title='bbox 900 2852 1034 2935; x_wconf 70' lang='grc' dir='ltr'><strong><em>ἢγαγεν.</em></strong></span> <span class='ocrx_word' id='word_1_206' title='bbox 1084 2855 1138 2922; x_wconf 81' lang='grc' dir='ltr'><strong><em>ἐν·</em></strong></span> <span class='ocrx_word' id='word_1_207' title='bbox 1152 2869 1174 2912; x_wconf 73' lang='lat'><strong><em>2⁶</em></strong></span> 
     </span>
     <span class='ocr_line' id='line_1_27' title="bbox 119 2957 1138 3046; baseline 0.006 -24"><span class='ocrx_word' id='word_1_208' title='bbox 119 2959 240 3042; x_wconf 87' lang='grc' dir='ltr'><strong><em>στάσης</em></strong></span> <span class='ocrx_word' id='word_1_209' title='bbox 263 2957 294 3023; x_wconf 87' lang='grc' dir='ltr'><strong><em>δ’</em></strong></span> <span class='ocrx_word' id='word_1_210' title='bbox 314 2957 438 3045; x_wconf 77' lang='grc' dir='ltr'><strong><em>ἡμέρας</em></strong></span> <span class='ocrx_word' id='word_1_211' title='bbox 457 2958 618 3042; x_wconf 78' lang='grc' dir='ltr'><strong><em>ἐπισήμου</em></strong></span> <span class='ocrx_word' id='word_1_212' title='bbox 635 2958 691 3024; x_wconf 84' lang='grc' dir='ltr'><strong><em>καὶ</em></strong></span> <span class='ocrx_word' id='word_1_213' title='bbox 709 2959 884 3043; x_wconf 89' lang='grc' dir='ltr'><strong><em>πάνδημον</em></strong></span> <span class='ocrx_word' id='word_1_214' title='bbox 905 2957 1024 3046; x_wconf 77' lang='grc' dir='ltr'><strong><em>ἑορτὴν</em></strong></span> <span class='ocrx_word' id='word_1_215' title='bbox 1043 2961 1138 3046; x_wconf 78' lang='grc' dir='ltr'><strong><em>ἐχού-</em></strong></span> 
     </span>
     <span class='ocr_line' id='line_1_28' title="bbox 120 3063 1137 3154; baseline 0.008 -27"><span class='ocrx_word' id='word_1_216' title='bbox 120 3079 192 3147; x_wconf 86' lang='grc' dir='ltr'><strong><em>σης,</em></strong></span> <span class='ocrx_word' id='word_1_217' title='bbox 220 3064 319 3141; x_wconf 80' lang='grc' dir='ltr'><strong><em>ἐνδὺς</em></strong></span> <span class='ocrx_word' id='word_1_218' title='bbox 342 3063 510 3148; x_wconf 81' lang='grc' dir='ltr'><strong><em>ίερατικην</em></strong></span> <span class='ocrx_word' id='word_1_219' title='bbox 533 3063 655 3145; x_wconf 77' lang='grc' dir='ltr'><strong><em>στολὴν</em></strong></span> <span class='ocrx_word' id='word_1_220' title='bbox 679 3066 835 3148; x_wconf 77' lang='grc' dir='ltr'><strong><em>εἰσῆλθεν</em></strong></span> <span class='ocrx_word' id='word_1_221' title='bbox 858 3066 906 3142; x_wconf 84' lang='grc' dir='ltr'><strong><em>είς</em></strong></span> <span class='ocrx_word' id='word_1_222' title='bbox 928 3067 965 3131; x_wconf 90' lang='grc' dir='ltr'><strong><em>τὸ</em></strong></span> <span class='ocrx_word' id='word_1_223' title='bbox 989 3064 1137 3154; x_wconf 79' lang='grc' dir='ltr'><strong><em>τέμενος,</em></strong></span> 
     </span>
     <span class='ocr_line' id='line_1_29' title="bbox 120 3167 1138 3260; baseline 0.009 -29"><span class='ocrx_word' id='word_1_224' title='bbox 120 3167 351 3254; x_wconf 89' lang='grc' dir='ltr'><strong><em>ε’πιθυμιάσων</em></strong></span> <span class='ocrx_word' id='word_1_225' title='bbox 374 3167 427 3234; x_wconf 81' lang='grc' dir='ltr'><strong><em>ἐπὶ</em></strong></span> <span class='ocrx_word' id='word_1_226' title='bbox 450 3177 510 3234; x_wconf 92' lang='grc' dir='ltr'><strong><em>τοῦ</em></strong></span> <span class='ocrx_word' id='word_1_227' title='bbox 533 3177 659 3252; x_wconf 87' lang='grc' dir='ltr'><strong><em>χρυσοῦ</em></strong></span> <span class='ocrx_word' id='word_1_228' title='bbox 682 3173 797 3255; x_wconf 83' lang='grc' dir='ltr'><strong><em>βωμοῦ</em></strong></span> <span class='ocrx_word' id='word_1_229' title='bbox 823 3180 869 3260; x_wconf 73' lang='grc' dir='ltr'><strong><em>τῷ</em></strong></span> <span class='ocrx_word' id='word_1_230' title='bbox 891 3177 970 3259; x_wconf 73' lang='grc' dir='ltr'><strong><em>θεῷ.</em></strong></span> <span class='ocrx_word' id='word_1_231' title='bbox 1016 3171 1138 3259; x_wconf 80' lang='lat'>&lt;224&gt;</span> 
     </span>
     <span class='ocr_line' id='line_1_30' title="bbox 119 3272 1137 3366; baseline 0.008 -29"><span class='ocrx_word' id='word_1_232' title='bbox 119 3283 178 3338; x_wconf 88' lang='grc' dir='ltr'><strong><em>τοῦ</em></strong></span> <span class='ocrx_word' id='word_1_233' title='bbox 209 3273 239 3339; x_wconf 91' lang='grc' dir='ltr'><strong><em>δ’</em></strong></span> <span class='ocrx_word' id='word_1_234' title='bbox 270 3273 446 3362; x_wconf 80' lang='grc' dir='ltr'><strong><em>ἀρχιερέως</em></strong></span> <span class='ocrx_word' id='word_1_235' title='bbox 473 3272 637 3360; x_wconf 76' lang='grc' dir='ltr'><strong><em>Ἀζαρίου,</em></strong></span> <span class='ocrx_word' id='word_1_236' title='bbox 667 3277 776 3341; x_wconf 85' lang='grc' dir='ltr'><strong><em>όντων</em></strong></span> <span class='ocrx_word' id='word_1_237' title='bbox 805 3280 869 3342; x_wconf 81' lang='grc' dir='ltr'><strong><em>σὺν</em></strong></span> <span class='ocrx_word' id='word_1_238' title='bbox 898 3276 987 3366; x_wconf 72' lang='grc' dir='ltr'><strong><em>αύτῷ</em></strong></span> <span class='ocrx_word' id='word_1_239' title='bbox 1018 3278 1137 3364; x_wconf 84' lang='grc' dir='ltr'><strong><em>ίερέων</em></strong></span> 
     </span>
     <span class='ocr_line' id='line_1_31' title="bbox 119 3365 1176 3464; baseline 0.013 -24"><span class='ocrx_word' id='word_1_240' title='bbox 119 3365 338 3464; x_wconf 76' lang='grc' dir='ltr'><strong><em>ὀγδοήκοντα,</em></strong></span> <span class='ocrx_word' id='word_1_241' title='bbox 365 3383 552 3458; x_wconf 88' lang='grc' dir='ltr'><strong><em>κωλύοντος</em></strong></span> <span class='ocrx_word' id='word_1_242' title='bbox 579 3379 722 3445; x_wconf 76' lang='grc' dir='ltr'><strong><em>αὐτόν(</em></strong></span> <span class='ocrx_word' id='word_1_243' title='bbox 882 3381 957 3451; x_wconf 68' lang='grc' dir='ltr'><strong><em>ἐξὸν</em></strong></span> <span class='ocrx_word' id='word_1_244' title='bbox 980 3382 1176 3453; x_wconf 68' lang='grc' dir='ltr'><strong><em>ἐπιθύεινθ</em></strong></span> 
     </span>
    </p>

    <p class='ocr_par' dir='ltr' id='par_1_4' title="bbox 191 3500 572 3563">
     <span class='ocr_line' id='line_1_32' title="bbox 191 3500 572 3563; baseline 0.008 -10"><span class='ocrx_word' id='word_1_245' title='bbox 191 3504 273 3563; x_wconf 73' lang='lat'>§219</span> <span class='ocrx_word' id='word_1_246' title='bbox 294 3527 327 3546; x_wconf 96' lang='lat'><em>=</em></span> <span class='ocrx_word' id='word_1_247' title='bbox 347 3500 572 3557; x_wconf 69' lang='lat' dir='ltr'><strong>2Para1.xxv*</strong></span> 
     </span>
    </p>
   </div>
   <div class='ocr_carea' id='block_1_3' title="bbox 0 0 1218 3840">
    <p class='ocr_par' dir='ltr' id='par_1_5' title="bbox 0 0 1218 3840">
     <span class='ocr_line' id='line_1_33' title="bbox 0 0 1218 3840; baseline 0 0"><span class='ocrx_word' id='word_1_248' title='bbox 0 0 1218 3840; x_wconf 95' lang='lat' dir='ltr'><strong><em> </em></strong></span> 
     </span>
    </p>
   </div>
  </div>
 </body>
</html>
