2400 3840
514 132 638 184 ENATH
1019 131 1085 197 263

63 291 182 374 τέγους
200 300 259 375 τῆς
278 294 384 368 οἰκίας
401 299 652 377 κατενεχθῆναι,
675 290 730 358 καὶ
748 278 937 375 νοσήσαντα
957 291 1084 378 πέμψαι

65 401 148 484 πρὸς
170 400 230 463 τὸν
250 396 417 484 Ἀκκάρων
439 401 523 464 θεὸν
545 403 665 464 Μυῖαν
689 399 801 483 (τοῦτο
826 399 890 484 γάρ
912 393 956 482 ήν
979 402 1085 490 ὄνομα

65 513 111 592 τῷ
128 501 213 592 θεῷ)
232 505 468 571 πυνθάνεσθαι
482 503 558 590 περὶ
576 514 635 600 ’τῆς
653 507 825 590 σωτηρίας.
861 505 948 588 <20>
966 503 1085 589 φανεὶς

66 609 97 674 δ’
119 611 136 676 6
160 622 228 675 τῶν
242 609 406 696 Ἑβραίων
428 614 508 689 θεὸς
524 609 621 698 Ἠλία
642 620 688 700 τῷ
712 612 866 696 προφήτη
884 609 1084 695 προσέταξεν

35 717 154 804 ταύτῷ
177 728 248 794 τοῖς
268 723 473 801 πεμφθεῖσιν
491 716 645 800 ἀγγέλοις
662 719 897 800 ὑπαντήσαντα
915 719 1084 784 πυνθάνε-

64 830 147 887 σθαι
171 823 282 888 αὑτῶν
301 825 332 888 εί
348 825 432 890 θεὸν
455 824 472 889 6
489 821 702 909 Ἰσραηλιτῶν
720 827 800 901 λαὸς
819 826 908 890 ίδιον
927 824 987 889 οὑκ
1006 827 1083 909 ἔχει,

63 930 115 994 ὅτι
138 927 258 1013 πέμπει
281 933 365 1016 πρὸς
387 931 446 994 τὸν
465 929 641 1016 ἀλλότριον
660 931 678 996 6
697 933 854 1014 βασιλεὺς
876 931 987 997 αὐτῶν
1007 930 1084 1016 περὶ

62 1044 123 1117 τῆς
150 1040 314 1120 σωτηρίας
341 1033 577 1121 ἐρησομένους,
608 1041 764 1103 κελεῦσαί
788 1036 818 1102 τ’
848 1038 970 1115 αὑτοὺς
1002 1039 1083 1104 ὑπο-

62 1140 202 1226 στρέψαι
225 1140 281 1206 καὶ
299 1143 426 1228 φράσαι
444 1152 490 1231 τῷ
508 1147 641 1226 βασιλεῖ
659 1144 710 1209 ὅτι
728 1145 772 1228 μή
792 1144 1004 1228 διαφεύξεται
1022 1145 1084 1226 τήν

19 1271 48 1310 ιο
63 1249 176 1312 νόσον.
217 1249 304 1332 <21>
327 1257 387 1313 τοῦ
411 1247 442 1313 δ’
461 1247 557 1315 Ἠλία
580 1251 780 1332 ποιήσαντος
803 1249 824 1314 δ
845 1249 1082 1336 προσέταξενὺ

62 1357 154 1436 θεός,
178 1353 379 1432 ἀκούσαντες
401 1356 436 1420 οί
453 1356 588 1438 άγγελοι
610 1357 651 1420 τά
668 1354 747 1441 παρ’
768 1355 872 1420 αὑτοῦ
890 1355 1080 1442 παραχρῆμ’

62 1459 273 1545 ὑπέστρεψαν
304 1463 388 1546 πρὸς
418 1464 478 1527 τὸν
509 1460 656 1546 βασιλέα.
709 1463 939 1546 θαυμάζοντος
973 1460 1011 1528 δὲ
1044 1465 1082 1528 τὸ

62 1566 161 1649 τάχος
191 1576 250 1650 τῆς
283 1566 448 1633 ἐπανόδου
480 1567 536 1633 καὶ
567 1569 630 1651 τήν
662 1571 773 1634 αἰτίαν
805 1567 1082 1654 ἐπερωτήσαντος,

63 1674 194 1755 έφασαν
217 1672 406 1757 ἀπαντῆσαί
425 1671 490 1740 τιν’
516 1675 630 1752 αὐτοῖς
653 1676 836 1760 ἄνθρωπον
859 1673 915 1740 καὶ
934 1680 1083 1740 κωλῦσαι

18 1799 48 1840 15
63 1776 125 1862 μὲν
147 1779 345 1866 προσωτέρω
367 1786 503 1866 χωρείν,
531 1779 802 1866 ἀναστρέψαντας
828 1777 867 1846 δὲ
894 1778 948 1846 σοὶ
972 1779 1082 1862 λέγειν

61 1884 95 1963 έξ
119 1883 255 1970 ἐντολῆς
277 1895 337 1952 τοῦ
360 1896 428 1952 τῶν
448 1884 660 1972 Ἰσραηλιτῶν
686 1881 850 1952 θεοῦξότι
876 1887 994 1951 κάκιον
1017 1885 1081 1964 ἕξει

59 1991 81 2074 ῆ
105 1994 213 2068 νόσος.
258 1993 356 2075 <22>
379 2002 440 2059 τοῦ
463 1990 502 2058 δὲ
524 1991 685 2077 βασιλέως
712 1994 887 2077 σημαίνειν
909 1991 999 2080 αύτῷ
1021 1994 1081 2058 τὸν

59 2096 152 2163 ταῦτ’
183 2101 335 2182 είρηκότα
361 2100 593 2182 κελεύσαντος,
620 2099 803 2183 άνθρωπον
831 2099 947 2180 ἔλεγον
975 2099 1081 2163 δασὺν

59 2201 117 2268 καὶ
137 2205 243 2287 ζώνην
256 2204 509 2290 περιειλημένον
523 2206 733 2291 δερματίνην.
770 2202 883 2281 συνεὶς
901 2200 934 2268 δ’
950 2202 987 2269 ἐκ
1004 2206 1080 2270 τού-

15 2331 46 2371 εο
59 2334 134 2375 των
144 2309 262 2379 Ἠλίαν
285 2307 371 2377 εἶναι
393 2314 453 2378 τὸν
475 2316 721 2397 σημαινόμενον
742 2313 807 2378 ὑπὸ
831 2323 899 2378 τῶν
919 2309 1080 2395 ἀγγέλων,

59 2415 192 2500 πέμψας
215 2415 266 2482 ἐπ’
292 2417 395 2485 αὑτὸν
417 2417 595 2504 ταξίαρχον
620 2417 676 2484 καὶ
703 2419 908 2501 πεντήκοντα
933 2419 1080 2501 ὁπλίτας,

60 2521 208 2607 ἀχθῆναι
236 2526 319 2608 πρὸς
346 2524 449 2589 αὑτὸν
473 2523 652 2590 ἐκέλευσεν.
698 2526 795 2607 <23>
823 2525 932 2609 εὑρὼν
959 2521 997 2589 δὲ
1020 2526 1080 2590 τὸν

56 2625 176 2693 Ἠλίαν
208 2629 226 2694 6
258 2621 425 2712 πεμφθὲὶς
455 2627 629 2714 ταξίαρχος
662 2625 715 2694 ἐπὶ
746 2637 806 2712 τῆς
835 2637 988 2714 κορυφῆς
1019 2639 1079 2695 τοῦ

59 2736 162 2818 όρους
183 2737 417 2818 καθεζόμενον,
439 2735 628 2818 καταβάντα
650 2733 744 2816 ήκειν
767 2731 896 2798 ἐκέλευε
914 2735 998 2818 πρὸς
1019 2735 1080 2799 τὸν

14 2858 45 2900 νε
59 2837 212 2922 βασιλέα·
240 2841 389 2905 κελεύειν
415 2841 478 2926 γάρ
506 2837 598 2905 τοῦτ’.
622 2839 762 2906 ἐκεῖνον·
792 2841 823 2904 εί
850 2835 888 2903 δέ
910 2838 954 2922 μή
979 2841 1079 2922 θελή-

58 2961 160 3028 σειεν,
183 2946 305 3011 ἀκοντα
328 2946 515 3030 βιάσεσθαι.
561 2945 579 3011 δ
603 2944 635 3010 δ’
657 2947 760 3012 είπδον
781 2947 866 3031 πρὸς
888 2945 1001 3029 αὑτόν,
1025 2944 1079 3010 ἐπὶ

57 3054 157 3137 πείρᾳ
184 3060 244 3115 τοῦ
272 3053 444 3137 προφήτης
472 3052 601 3136 ἀληθής
623 3053 799 3138 ὑπάρχειν,
828 3052 984 3130 εύξεσθαι
1010 3060 1078 3137 πῦρ

56 3154 114 3219 ἀπ’
142 3157 289 3241 ούρανοῦ
316 3159 419 3223 πεσὸν
446 3157 606 3224 ἀπολέσαι
632 3160 711 3237 τούς
737 3183 774 3225 τε
798 3158 1000 3243 στρατιώτας
1021 3156 1078 3222 καὶ

57 3262 177 3347 αὐτόν,
210 3264 354 3347 εύχεται,
387 3261 443 3329 καὶ
470 3265 619 3350 πρηστήρ
645 3261 857 3349 κατενεχθεὶς
885 3265 1078 3349 διαφθείρει

11 3389 42 3428 ευ
55 3371 117 3433 τόν
144 3392 179 3434 τε
207 3369 383 3456 ταξίαρχον
409 3368 466 3435 καὶ
493 3373 572 3446 τοὺς
600 3373 663 3436 σὺν
691 3370 789 3458 αύτῷ.
835 3371 929 3454 <24>
957 3380 1015 3454 τῆς
1043 3368 1073 3435 δ’
1167 3414 1170 3417 -

131 3491 435 3560 §20=4Reg.13.

672 3721 683 3759 ί
