2400 3840
489 141 642 192 EBAOMH
679 223 680 226 Ἴ
1012 142 1071 209 161

53 308 154 383 θεοῦ,
183 298 237 364 καὶ
260 311 328 365 τῶν
350 310 410 365 τοῦ
433 303 676 388 θυσιαστηρίου
699 301 860 386 κεράτων,
886 301 907 385 ά
931 302 972 384 δη
995 325 1075 388 προ-

55 418 160 491 εῖχεν,
201 405 428 491 ἐλλαβόμενος.
479 409 637 491 δηλοῦται
672 416 771 472 τοῦτο
804 412 983 491 Σολομώνι
1019 431 1075 473 πε-

54 514 214 596 ποιηκώς,
244 509 299 577 καὶ
326 514 453 589 πίστεις
480 511 582 590 άξιών
608 509 686 599 παρ’
717 512 821 578 αὐτοῦ
848 517 964 598 λαβεῖν
992 514 1075 579 ώστε

55 620 101 704 μη
124 626 365 703 μνησικακῆσαι
384 616 460 703 μηδ’
483 618 688 706 ἐργάσασθαι
708 608 822 686 δεινὸν
840 619 943 685 αὐτὸν
961 618 1075 704 μηδέν.

24 725 165 809 5<362>
189 725 206 790 ὃ
231 722 262 789 δ’
286 721 417 811 ἡμέρως
438 724 528 790 πάνυ
550 722 606 790 καί
630 728 813 812 σωφρόνως
837 734 895 809 τῆς
918 722 979 810 μὲν
1001 729 1075 791 τότε

56 832 219 917 άμαρτίας
241 830 344 896 αὐτὸν
367 830 496 915 ἀφῆκεν
519 830 648 918 ἀθῷον,
677 832 781 897 εἰπὼν
803 829 847 915 δ’,
876 834 907 897 εἰ
928 835 1074 916 ληφθείη

56 963 88 1002 τι
112 938 214 1003 πάλιν
236 947 454 1020 καινοποιῶν,
482 933 587 1026 ἑαυτῷ
611 943 719 1003 αἰτιον
742 947 801 1021 τῆς
824 941 983 1025 τιμωρίας
1007 941 1074 1003 ἔσε-

56 1051 155 1126 σθαι,
182 1040 314 1126 πέμψας
342 1041 444 1109 αὐτὸν
472 1043 644 1135 ἀνίστησιν
672 1043 735 1108 άπὸ
763 1051 822 1128 τῆς
845 1043 977 1122 ἰκεσίας.
1024 1043 1076 1110 έλ-

55 1154 165 1216 θόντα
189 1145 225 1213 δὲ
248 1151 332 1234 πρὸς
352 1149 455 1215 αὐτὸν
473 1146 528 1213 καί
546 1150 821 1235 προσκυνήσαντα
840 1153 887 1228 εἰς
904 1151 966 1234 τὴν
985 1152 1076 1216 ἰδίαν

11 1280 40 1319 ιο
56 1259 168 1321 οἰκίαν
192 1255 352 1321 άπελθείν
376 1253 526 1320 ἐκέλευσε
548 1252 653 1340 μηδὲν
674 1256 910 1342 ὑφορώμενον,
937 1254 992 1322 καί
1015 1265 1075 1323 τοῦ

56 1370 177 1428 λοιποῦ
204 1360 361 1447 παρέχειν
387 1362 491 1427 αὑτὸν
517 1360 649 1443 ἀγαθὸν
677 1362 722 1439 ώς
748 1361 837 1450 αὐτῷ
867 1371 965 1428 τοῦτο
994 1380 1075 1447 συμ-

57 1466 166 1554 φέρον
188 1467 293 1551 ἠξίου.

125 1574 233 1657 <363>
252 1578 456 1659 βουλόμενος
475 1571 512 1640 δὲ
527 1576 681 1658 Δαυίδης
700 1572 753 1639 ἐπὶ
771 1578 895 1652 παντὸς
912 1584 973 1641 τοῦ
992 1581 1078 1642 λαοῦ
1095 1597 1110 1645 7

56 1679 229 1758 ἀποδείξαι
257 1683 316 1747 τὸν
342 1681 419 1745 υίὸν
446 1679 597 1764 βασιλέα,
626 1686 784 1763 συγκαλεῖ
808 1684 887 1758 τοὺς
915 1683 1076 1769 άρχοντας

15 1809 41 1849 15
57 1790 106 1863 εἰς
134 1785 346 1874 Ἱεροσόλυμα
382 1784 437 1850 καὶ
473 1789 552 1864 τοὺς
589 1787 687 1873 ἰερεῖς
723 1784 778 1852 καὶ
814 1790 892 1864 τοὺς
923 1791 1075 1869 Λευίτας,

57 1893 282 1979 ἐξαριθμήσας
300 1890 337 1958 δὲ
354 1893 495 1970 ,τούτους
512 1903 646 1979 πρῶτον
660 1892 804 1978 εὑρίσκει
820 1903 888 1958 τών
902 1892 966 1958 άπὸ
985 1892 1076 1979 τριά-

56 1997 147 2065 κοντ’
165 1999 250 2066 ἐτῶν
268 1999 330 2077 ἕως
347 2001 551 2083 πεντήκοντα
569 2001 786 2085 τρισμυρίους
804 1999 1076 2083 ὀκτακισχιλίους,

56 2106 168 2190 <364>
192 2105 224 2184 ἐξ
248 2101 296 2171 ὧν
319 2103 490 2183 ἀπέδειξεν
513 2104 708 2190 ἐπιμελητάς
729 2101 791 2190 μὲν
809 2113 867 2190 τῆς
885 2106 1077 2190 οἰκοδομίας

57 2221 118 2278 τοῦ
146 2221 230 2277 ναοῦ
259 2214 455 2298 δισμυρίους
481 2216 776 2299 τετρακισχιλίους,
808 2212 922 2299 κριτάς
949 2208 987 2277 δέ
1015 2221 1076 2278 τοῦ

19 2339 44 2378 20
57 2325 142 2385 λαοῦ
165 2316 220 2383 καὶ
244 2329 445 2403 γραμματείς
471 2319 599 2383 τούτων
622 2316 873 2403 ἑξακισχιλίους,
901 2321 1077 2406 πυλωροὺς

58 2423 96 2490 δέ
119 2425 400 2509 τετρακισχιλίους
423 2433 483 2489 τοῦ
506 2430 601 2488 οἰκον
624 2432 684 2488 τοῦ
702 2430 797 2508 θεοῦ,
819 2422 874 2489 καὶ
895 2427 1076 2504 τοσούτους
1137 2479 1142 2490 .

58 2531 235 2620 ὑμνῳδοὺς
248 2538 308 2594 τοῦ
322 2536 418 2612 θεοῦ,
436 2527 579 2615 ᾅδοντας
596 2540 666 2604 τοίς
684 2528 841 2613 ὀργάνοις
859 2520 910 2605 οἷς
925 2533 1077 2615 Δαυίδης

58 2637 286 2719 κατεσκεύασε,
304 2636 418 2711 καθὼς
434 2635 687 2720 προειρήκαμεν.
729 2633 838 2717 (365)
859 2634 1023 2721 διεμέρισε
1042 2635 1073 2700 δ’

58 2742 181 2819 αὐτοὺς
203 2744 285 2807 κατά
308 2741 461 2828 πατριάς,
484 2737 539 2805 καί
561 2743 706 2824 χωρίσας
728 2737 763 2802 ἐκ
786 2746 844 2822 τῆς
867 2744 976 2824 φυλῆς
998 2743 1077 2818 τοὺς

18 2869 43 2910 25
59 2850 159 2935 ίερείς
186 2844 268 2934 ηὗρε
294 2849 422 2913 τούτων
450 2845 553 2910 εἰκοσι
580 2842 736 2930 τέτταρας
762 2843 915 2931 πατριάς,
949 2845 983 2911 ἐκ
1015 2845 1077 2931 μὲν
1176 2931 1180 2939 1

57 2965 117 3040 τῆς
137 2953 332 3040 Ἐλεαζάρου
355 2956 461 3029 οἰκίας
485 2949 670 3035 ἑκκαίδεκα,
699 2950 734 3016 ἐκ
757 2948 794 3016 δὲ
819 2959 878 3035 τῆς
897 2948 1077 3038 Ἰθαμάρου

58 3063 154 3127 ὀκτώ.
201 3059 330 3140 διέταξέ
350 3085 385 3126 τε
408 3063 488 3144 μίαν
511 3059 654 3145 πατριὰν
682 3059 912 3124 διακονεῖσθαι
938 3067 984 3144 τῷ
1007 3065 1077 3146 θεῷ

59 3166 112 3251 ἐφ’
135 3166 258 3253 ἡμέρας
281 3168 376 3250 ὀκτώ,
400 3165 463 3232 άπὸ
488 3164 656 3250 σαββάτου
675 3161 728 3229 έπλ
749 3165 924 3249 σάββατον.
967 3166 1076 3248 <366>

58 3271 113 3338 καί
138 3274 243 3350 οὕτως
271 3274 308 3337 αί
328 3269 462 3360 πατριαὶ
489 3280 591 3337 πάσαι
617 3272 895 3358 διεκληρώσαντο,
922 3273 1076 3337 Δαυίδου

18 3397 45 3436 ³0
58 3383 225 3467 παρόντος
247 3377 302 3444 καὶ
321 3380 486 3445 Σαδώκου
508 3375 563 3444 καί
581 3375 784 3463 Ἀβιαθάρου
806 3387 874 3442 τών
897 3375 1077 3464 ἀρχιερέων

132 3506 147 3566 5
167 3507 218 3555 362
239 3527 272 3546 =
292 3500 480 3568 3Reg.152.
555 3503 571 3565 ξ
591 3503 643 3554 363
663 3522 698 3544 =
717 3497 1006 3554 λῨαῑυΧ.ἚἏΧἎ.

112 3600 236 3640 Imma
263 3599 294 3640 H.
908 3591 950 3640 Ἄ
