2400 3840
120 134 185 197 218
486 129 761 184 κειτειοεονιεε

117 294 227 378 <229>
256 290 347 359 ταῦτ’
373 294 476 360 είπών
504 290 684 376 ἐξηπάτησε
709 293 770 358 τὸν
797 292 881 357 λαὸν
908 288 968 356 καὶ
998 300 1061 376 τῆς
1090 314 1148 356 πα-

118 403 215 487 τρίου
241 403 422 486 θρησκείας
449 399 656 477 ἀποστάντας
684 397 817 482 ἐποίησε
843 401 1046 484 παραβῆναι
1070 401 1149 476 τοὺς

117 511 251 593 νόμους.
288 507 371 594 ἀρχή
393 517 504 572 κακῶν
528 504 658 589 ἐγένετο
681 515 780 572 τοῦτο
802 514 875 582 τοῖς
893 503 1072 591 Ἑβραίοις
1095 503 1148 570 καῖ

118 623 178 680 τοῦ
204 611 336 704 πολέμῳ
363 610 591 699 κρατηθέντας
616 612 682 679 ὑπὸ
705 622 774 677 τῶν
796 609 1005 696 ἀλλοφύλων
1029 613 1149 696 αἰχμα-

119 723 223 809 λωσίᾳ
245 731 444 808 περιπεσεῖν.
1160 739 1167 750 ·

83 842 99 892 σ
184 826 269 893 ἀλλά
291 836 394 892 ταῦτα
417 823 478 913 μὲν
495 828 578 892 κατά
595 827 708 913 χώραν
727 826 934 909 δηλώσομεν·
957 822 1077 909 <230>
1096 824 1147 891 ἐν-

119 935 240 1017 στάσης
272 930 309 998 δὲ
336 941 395 1017 τῆς
421 930 538 1019 εὀρτής
565 931 695 1022 ἑβδόμφ
724 935 817 1019 μηνί,
850 933 1064 1017 βουλόμενος
1092 931 1147 998 καὶ

118 1040 218 1116 αὐτὸς
240 1037 277 1102 ἐν
295 1039 431 1124 Βεθήλη
453 1040 578 1123 ταύτην
601 1039 740 1124 ἀγαγεῖν
763 1039 872 1124 ὥσπερ
896 1035 1070 1126 ἑώρταζον
1091 1038 1145 1105 καί

117 1146 154 1211 αί
180 1145 242 1210 δύο
270 1142 374 1228 φυλαὶ
400 1144 437 1210 έν
456 1143 712 1232 Ἱεροσολύμοις,
741 1148 913 1230 οἰκοδομεῖ
933 1142 999 1230 μὲν
1024 1153 1144 1213 θυσια-

116 1255 255 1340 στήριον
276 1253 341 1338 πρὸ
363 1261 422 1336 τῆς
445 1252 627 1337 δαμάλεως,
650 1255 830 1338 γενόμενος
852 1249 884 1318 δ’
905 1252 1012 1330 αὐτὸς
1037 1253 1176 1340 ἀρχιε-ιι

117 1363 196 1446 ρεύς
219 1356 271 1424 ἐπὶ
295 1360 355 1425 τὸν
376 1360 491 1444 βωμὸν
513 1359 687 1442 ἀναβαίνει
711 1361 775 1424 σὺν
795 1369 866 1435 τοῖς
884 1358 987 1435 ίδίοις
1009 1360 1144 1446 ίερεύσι.

117 1467 229 1551 <231>
251 1463 430 1550 μέλλοντος
450 1462 481 1530 δ’
504 1462 675 1551 ἐπιφέρειν
693 1465 752 1542 τάς
770 1449 895 1540 θυσίας
912 1462 970 1529 καί
988 1467 1053 1544 τάς
1073 1467 1144 1532 ὁλο-

117 1573 298 1648 καυτώσεις
321 1571 358 1637 έν
380 1574 455 1651 θύει
477 1579 538 1636 τοῦ
559 1577 642 1637 λαοῦ
660 1573 795 1654 παντός,
818 1573 1043 1657 παραγίνεται
1063 1576 1144 1660 πρὸς

118 1677 221 1743 αὐτὸν
249 1676 281 1756 ἐξ
306 1674 544 1765 Ἱεροσολύμων
570 1679 758 1765 προφήτης,
785 1673 901 1743 Ἰαδὼν
928 1679 1056 1763 ὄνομα,
1085 1689 1143 1746 τοῦ

119 1792 203 1851 θεοῦ
229 1781 434 1870 πέμψαντος,
461 1783 499 1861 ὃς
526 1781 663 1862 σταθείς
691 1782 727 1849 ἐν
750 1782 838 1873 μέσῳ
862 1792 908 1872 τῷ
930 1785 1061 1867 πλήθει
1084 1796 1175 1852 τούιῖ

118 1892 280 1977 βασιλέως
306 1891 487 1970 ἀκούοντος
513 1886 583 1957 εἶπε
605 1890 698 1974 τάδε,
726 1892 810 1977 πρὸς
832 1892 870 1956 τὸ
893 1895 1142 1981 θυσιαστήριον

117 2001 318 2084 ποιούμενος
334 2002 413 2076 τοὺς
435 2001 564 2081 λόγους.
609 1998 719 2081 <232>
742 1996 772 2062 ‘6
796 1998 877 2073 θεὸς
901 1999 1046 2064 ἔσεσθαί
1067 2023 1139 2065 τινα

118 2104 272 2191 προλέγει
296 2103 331 2169 ἐκ
353 2113 414 2170 τοῦ
432 2105 587 2169 Δαυίδου
610 2102 717 2188 γένος,
738 2101 867 2169 Ἰωσίαν
887 2106 1005 2188 ὄνομα,
1030 2105 1070 2183 ὃς
1089 2104 1139 2172 ἐπί

119 2219 181 2274 σού
203 2211 302 2273 θύσει
325 2211 404 2284 τοὺς
426 2210 614 2293 ψευδιερεῖς
636 2213 715 2286 τοὺς
736 2207 808 2275 κατ’
833 2208 961 2276 ἐκεῖνον
984 2214 1046 2277 τὸν
1070 2237 1140 2278 και-

119 2336 180 2400 ρον
198 2310 450 2395 γενησομένους,
473 2311 528 2376 καὶ
547 2315 587 2377 τά
606 2313 686 2378 ὀστᾶ
705 2325 773 2380 τῶν
792 2316 992 2382 λαοπλάνων
1011 2321 1141 2384 τούτων
1152 2334 1174 2374 2⁰

119 2417 174 2485 καὶ
197 2416 398 2482 ἀπατεώνων
420 2413 475 2482 καὶ
499 2416 629 2501 ἀσεβῶν
653 2416 707 2483 ἐπὶ
730 2430 793 2486 σού
815 2422 940 2487 καύσει.
982 2424 1041 2488 ἵνα
1063 2422 1140 2508 μέν-

120 2549 172 2591 τοι
195 2548 233 2609 γε
255 2524 476 2590 πιστεύσωσιν
500 2517 594 2591 οὗτοι
617 2522 715 2592 τοῦθ’
742 2527 848 2605 οὕτως
872 2527 973 2613 ἐξειν,
1001 2543 1140 2615 σημεῖον

118 2632 233 2711 αὐτοῖς
259 2642 390 2721 προερῶ
417 2635 656 2719 γενησόμενον·
685 2632 862 2720 ῥαγήσεται
889 2636 927 2700 τὸ
955 2638 1140 2721 θυσιαστή-

118 2765 195 2826 ριον
222 2749 434 2828 παραχρῆμα,
466 2740 521 2806 καί
549 2750 638 2805 πᾶσα
664 2741 685 2824 ἡ
714 2738 765 2805 ἐπ’
791 2740 895 2805 αύτοῦ
922 2743 1043 2826 πιμελή
1071 2755 1140 2808 τῶν

121 2848 252 2933 ίερείων
271 2845 324 2912 ἐπὶ
343 2856 407 2931 γῆν
425 2846 629 2931 χυθήσεται.’
666 2847 775 2931 <233>
794 2844 885 2912 ταῦτ’
908 2849 1061 2925 εἰπόντος
1079 2858 1139 2915 τοῦ
1152 2864 1175 2906 2⁵

121 2955 296 3038 προφήτου
314 2950 538 3037 παροξυνθείς
557 2951 793 3038 ὁἹεροβύαμος
807 2952 944 3032 ἐξέτεινε
958 2954 1020 3036 τὴν
1033 2968 1139 3039 χεῖρα,

121 3060 266 3124 κελεύων
290 3061 469 3141 συλλαβεῖν
488 3057 599 3122 αὐτόν.
637 3056 832 3145 ἐκτεταμένη
852 3057 882 3124 δ’
903 3059 923 3143 ἡ
943 3058 1014 3147 χείρ
1035 3061 1139 3138 εὐθύς

122 3168 282 3250 παρείθη,
307 3161 362 3229 καὶ
385 3161 493 3229 οὐκέτ’
519 3169 633 3246 ῖσχυεν
656 3162 761 3247 αὐτήν
784 3168 867 3252 πρὸς
890 3167 992 3232 αὑτὸν
1015 3167 1139 3251 ἀναγα-

121 3283 205 3353 γεῖν,
224 3270 307 3336 ἀλλά
325 3277 568 3357 νεναρκηκυῖαν
585 3266 641 3334 καί
658 3272 780 3353 νεκρδιν
794 3266 881 3355 εἶχεν
895 3272 1137 3359 ἀπηρτημένην.

122 3373 244 3461 έρράγη
269 3372 306 3440 δὲ
329 3375 384 3443 καὶ
407 3379 444 3443 τὸ
468 3376 720 3463 θυσιαστήριον,
743 3373 798 3440 καὶ
821 3378 1007 3462 κατηνέχθη
1030 3379 1138 3445 πύντα
1151 3395 1176 3435 ³⁰

192 3499 577 3568 §230=3Reg.X1132.
