2400 3840
495 132 647 185 ωεαοωω
1017 134 1081 197 145

53 296 197 381 Ἀμεσσῖι
234 296 343 378 φόνου
385 289 485 358 οὐδὲν
525 300 680 357 τοιοῦτον
717 294 790 376 ἔσχε
828 294 1080 380 παρακάλυμμα.

57 404 171 486 <286>
195 401 391 477 ἀποκτείνας
414 395 450 464 δὲ
475 401 533 464 τὸν
552 398 781 484 συστράτηγον
800 397 916 464 ἐδίωκε
935 402 993 465 τὸν
1013 406 1081 466 Σα-

58 513 173 594 βαῖον,
200 507 390 572 καταλιπὼν
417 504 476 571 ἕνα
503 506 586 591 πρὸς
608 514 654 592 τῷ
677 514 799 592 νεκρῷ,
826 509 910 589 βοῖιν
937 505 1081 573 ἐντειλά-

58 637 159 700 μενος
177 615 261 699 πρὸς
278 613 340 696 την
359 613 517 698 στρατιάν
537 611 587 677 ὅτι
601 609 765 694 τέθνηκεν
776 609 933 696 Ἀμεσσῖις
947 614 1081 691 δικαίως

28 735 44 780 ‘5
59 719 115 786 καί
139 717 209 804 μετ’
231 721 339 795 αἰτίας
361 718 573 801 κολαζούσης,
596 719 628 782 εί
647 713 684 782 δὲ
703 729 858 802 φρονεῖτε
880 719 920 782 τά
942 728 1002 783 τοῦ
1023 724 1082 804 βα-

58 825 192 909 σιλέως,
220 824 341 890 ἔπεσθε
365 823 469 888 αὐτοῦ
491 832 537 910 τῷ
561 808 732 910 στρατηγῷ
752 820 873 912 Ἰωάβφ
896 823 951 888 καί
972 822 1081 909 Ἀβεσ-

60 937 143 1021 σαίφ
168 941 214 1019 τῷ
237 932 359 996 τούτου
382 929 527 1016 ἀδελφῷ.
568 928 678 1013 <287>
700 927 855 1013 κειμένου
878 926 916 995 δὲ
937 940 997 996 τοῦ
1019 934 1081 998 σώ-

42 1029 162 1122 ματος
187 1035 239 1102 ἐπὶ
262 1045 322 1120 τῆς
345 1036 427 1101 ὁδοῦ
449 1034 505 1100 καί
528 1037 652 1111 παντὸς
669 1043 730 1099 τοῦ
748 1036 901 1119 πλήθους
920 1035 971 1103 ἐπ’
992 1039 1081 1127 αὐτῷ

60 1142 276 1230 συρρέοντος,
307 1139 363 1207 καὶ
391 1133 446 1207 οἷα
478 1144 576 1226 ὄχλος
602 1146 707 1225 φιλεῖ,
740 1139 928 1226 ἐθαύμαζον
960 1144 1082 1227 ἠλέουν

18 1269 45 1308 10
59 1248 331 1336 προσιστάμενοι·
355 1247 521 1332 βαστάσας
545 1245 576 1312 δ’
599 1246 729 1312 ἐκεῖθεν
752 1247 769 1312 ὁ
789 1248 897 1332 φύλαξ
915 1246 971 1314 καὶ
989 1257 1082 1336 κομί·
1107 1302 1108 1305 ¹

60 1373 121 1434 σας
144 1362 191 1433 είς
213 1379 246 1421 τι
268 1357 395 1441 χωρίον
418 1354 577 1420 ἀπωτάτω
599 1362 659 1438 τῆς
683 1353 776 1437 ὁδοῦ,
800 1357 937 1438 τίθησιν
960 1357 1081 1423 αὐτόθι

11 1504 14 1509 ,
58 1461 114 1527 καὶ
142 1462 300 1527 καλύπτει
330 1461 458 1548 ίματίῳ.
508 1461 630 1526 τούτου
657 1458 839 1544 γενομένου
866 1463 931 1540 πῶς
957 1463 975 1529 ὁ
1003 1467 1082 1542 λαὸς

58 1568 270 1651 ἠκολούθησε
292 1577 338 1656 τῷ
360 1565 491 1656 Ἰωάβῳ.
538 1566 647 1649 <288>
671 1564 826 1645 διώξαντι
854 1566 885 1632 δ’
911 1569 1000 1658 αὐτῷ
1026 1573 1081 1636 διά

59 1673 168 1758 πάσης
190 1683 249 1758 τῆς
269 1671 482 1760 Ἰσραηλιτῶν
504 1674 613 1759 χώρας
635 1673 696 1737 τὸν
718 1677 886 1757 Σαβαῖον,
914 1677 1011 1760 δηλοῖ
1031 1700 1082 1754 τις

17 1799 44 1839 1⁵
61 1780 98 1845 ἐν
122 1781 227 1866 ὀχυρᾷ
249 1783 344 1845 πόλει
363 1779 542 1863 τυγχάνειν
560 1778 673 1861 αὐτόν,
693 1775 894 1866 Ἀβελμαχέηι
911 1779 1081 1867 λεγομένη.

59 1889 330 1973 παραγενόμενος
348 1883 379 1951 δ’
402 1884 470 1950 ἐκεῖ
490 1883 545 1949 καί
566 1892 606 1969 τῇ
625 1892 762 1970 στρατιᾷ
779 1888 999 1970 περικαθίσας
1020 1887 1082 1970 τὴν

58 1996 175 2077 πόλιν,
202 1989 258 2058 καί
279 1991 459 2078 χαράκωμα
486 1989 562 2076 περὶ
585 1989 691 2072 αὐτὴν
713 1989 912 2074 πηξάμενος,
938 1991 1082 2079 ὑπορύτ-

59 2123 131 2165 τειν
154 2097 306 2164 ἐκέλευσε
328 2109 398 2173 τοῖς
424 2096 639 2182 στρατιώταις
665 2096 705 2159 τά
728 2099 817 2180 τείχη
842 2095 898 2161 καὶ
920 2100 1082 2184 καταβάλ-

60 2212 134 2271 λειν
157 2205 253 2270 αύτά
277 2205 320 2289 μη
346 2201 534 2288 δεξαμένων
557 2203 619 2288 γάρ
644 2201 748 2267 αὐτὸν
769 2213 837 2268 τῶν
860 2202 897 2269 έν
918 2214 959 2290 τῇ
976 2208 1081 2290 πόλει,

16 2330 46 2370 2⁰
59 2318 212 2398 χαλεπῶς
233 2312 317 2396 πρὸς
340 2311 463 2388 αὐτοὺς
486 2308 630 2392 διετέθη.
676 2309 795 2393 <289>
823 2311 964 2392 γύναιον
989 2312 1029 2379 δέ
1049 2337 1080 2379 τι
1100 2333 1117 2381 8

61 2429 201 2503 σῶφρον
231 2416 286 2482 καί
319 2419 474 2500 συνετόν,
507 2416 544 2482 έν
577 2415 727 2500 ἐσχάτοις
757 2417 822 2499 ἤδη
851 2418 912 2501 τὴν
938 2423 1082 2509 πατρίδα

60 2522 217 2608 κειμένην
240 2522 461 2607 θεασάμενον,
484 2521 613 2606 ἀναβάν
636 2519 690 2587 ἐπὶ
707 2524 745 2586 τὸ
763 2534 872 2607 τεῖχος
888 2533 1082 2610 προσκαλεῖ-

60 2654 116 2695 ται
144 2631 200 2694 διά
232 2641 300 2695 τῶν
327 2630 473 2695 ὁπλιτῶν
499 2629 559 2692 τὸν
583 2624 728 2711 Ἰώαβον.
773 2632 1020 2713 προσελθόντος
1048 2632 1079 2696 δ’

60 2735 182 2821 ἤρξατο
206 2735 316 2819 λέγειν
339 2737 385 2812 ὡς
408 2735 426 2800 ὁ
450 2735 531 2810 θεὸς
553 2735 633 2808 τοὺς
651 2735 799 2816 βασιλεῖς
815 2731 870 2797 καί
888 2737 967 2812 τοὺς
985 2751 1082 2822 στρα-

18 2859 46 2900 2⁵
60 2845 184 2926 τηγοὺς
206 2840 421 2924 ἀποδείξειεν,
445 2841 500 2904 ἵνα
523 2841 602 2915 τοὺς
624 2840 803 2922 πολεμίους
824 2840 904 2915 τοὺς
920 2836 1083 2926 Ἑβραίων

62 3054 117 3118 “σὺ
141 3050 179 3118 δέ
202 3053 399 3131 σπουδάζεις
423 3054 627 3138 μητρόπολιν
647 3049 858 3136 Ἰσραηλιτῶν
884 3056 1083 3136 καταβαλεῖν

60 3159 117 3225 καὶ
136 3167 306 3246 πορθῆσαι
326 3154 431 3243 μηδὲν
450 3157 720 3244 ἐξαμαρτοῦσαν.’
761 3157 870 3241 <290>
893 3157 911 3222 ὃ
931 3155 962 3221 δ’
983 3158 1082 3224 ἵλεων

61 3263 124 3350 μέν
148 3267 277 3350 εὔχεται
300 3267 360 3331 τὸν
380 3246 464 3330 θεδν
487 3264 576 3351 αὐτῷ
600 3265 780 3347 διαμένειν,
803 3262 902 3339 αὐτὸς
925 3261 956 3328 δ’
977 3263 1083 3343 οὕτως

22 3388 48 3428 ³0
63 3375 152 3456 ἔχειν
185 3366 277 3436 εἶπεν
304 3371 349 3447 ὡς
376 3368 502 3454 μηδένα
528 3378 589 3435 τοῦ
620 3374 704 3434 λαοῦ
732 3377 908 3453 φονεῦσαι,
940 3371 1000 3455 οὐχ
1032 3372 1083 3438 ὅτι

135 3499 150 3558 ξ
170 3497 222 3546 286
242 3517 276 3536 =
295 3497 311 3544 2
331 3493 400 3560 Reg.
419 3490 471 3545 XX
486 3497 527 3545 11.

118 3591 245 3632 Ιοεικιτωιι.
265 3589 296 3629 Π.
908 3585 948 3633 &Q
