2400 3840
499 112 646 164 ΔΕΚΑΤΗ
1014 111 1079 176 337

52 268 352 357 κατεψηφισμένης
370 271 473 337 αὐτοῦ
491 271 656 351 κολάσεως
673 276 733 339 τὸν
747 271 917 360 Ἱερεμίαν,
943 274 980 351 ὃς
998 272 1081 341 άπά-

54 395 124 456 σας
148 378 205 454 τάς
227 378 331 443 αὑτοῦ
359 382 562 464 προφητείας
588 380 877 466 συγγραψάμενος,
904 380 1081 462 νηστεύον-

54 509 120 562 τος
147 493 208 549 τοῦ
235 485 343 568 δήμου
371 481 427 550 καὶ
457 483 724 568 ἐκκλησιάζοντος
752 485 789 551 έν
817 495 863 576 τῷ
893 487 970 575 ίερβ
1000 485 1080 571 μηνὶ

56 589 169 678 ἐνάτῳ
188 598 249 654 τοῦ
266 588 416 675 πέμπτου
439 593 534 669 ἔτους
551 601 610 676 τής
625 590 797 677 Ἰωακίμου
820 595 999 678 βασιλείας,
1022 592 1081 658 άν-

20 696 151 778 σέγνω
173 697 235 780 τήν
258 699 377 780 βίβλον
398 695 441 779 ἣν
463 695 539 783 περὶ
557 709 625 764 τῶν
643 701 833 783 μελλόντων
851 699 1080 783 συμβήσεσθαι

55 811 101 887 πή
126 804 221 866 πόλει
242 799 298 866 καλ
320 811 366 891 τῷ
388 812 458 892 ναῷ
484 801 632 882 καὶτοῖς
658 807 769 889 όχλοις
795 800 838 889 ήν
866 805 1080 888 συντεταχώς.

57 908 152 991 <94>
175 907 376 986 ἀκούσαντες
399 906 429 974 δ’
453 910 489 974 οἱ
508 909 666 994 ἡγεμόνες
688 911 895 996 λαμβάνουσι
918 908 995 997 παρ’
1023 912 1081 977 αὐ-

56 1023 124 1080 τοῦ
146 1016 184 1080 τὸ
204 1017 346 1099 βιβλίον,
368 1012 424 1080 καλ
441 1015 636 1082 κελεύουσιν
654 1016 756 1083 αὐτόν
774 1015 882 1084 τεκαὶ
900 1019 960 1085 τὸν
978 1042 1081 1103 γραμ-

59 1120 167 1205 ματέα
196 1121 372 1206 Βάρουχον
404 1120 554 1187 ἐκποδὼν
585 1120 724 1200 ἑαυτούς
755 1133 906 1209 ποιήσαι,
938 1126 982 1209 μή
1013 1141 1081 1190 τισι

10 1249 42 1288 ιο
59 1229 161 1311 δῆλον
184 1225 359 1310 γένωνται·
382 1228 419 1292 τὸ
443 1224 481 1293 δὲ
504 1231 637 1313 βιβλίον
659 1225 754 1294 αὐτοὶ
773 1228 932 1314 φέροντες
954 1241 1000 1320 τῷ
1022 1237 1082 1316 βα-

58 1339 153 1399 σιλεί
172 1333 335 1398 διδόασιν.
378 1333 396 1398 ὃ
420 1330 458 1399 δὲ
480 1337 656 1420 παρόντων
678 1334 767 1424 αὐτῷ
789 1345 857 1401 τῶν
880 1340 990 1420 φίλων
1013 1335 1081 1402 έκέ-

58 1447 162 1506 λευσε
179 1441 239 1506 τὸν
258 1438 378 1506 ἑαυτοῦ
391 1440 583 1527 γραμματέα
602 1445 746 1527 λαβόντα
765 1442 965 1525 ἀναγνῶναι.
992 1442 1080 1526 <95>

58 1546 208 1624 άκούσας
235 1542 273 1612 δὲ
299 1556 367 1612 τῶν
394 1545 432 1612 ἐν
459 1556 504 1636 τῷ
527 1551 645 1638 βιβλίφ
673 1547 728 1613 καλ
751 1546 924 1634 ὀργισθεὶς
947 1549 964 1614 ὁ
988 1552 1082 1633 βασι-

58 1654 141 1728 λεὺς
168 1648 322 1738 διέρρηξέ
345 1675 382 1718 τε
408 1650 463 1718 καὶ
491 1654 604 1737 βαλὼν
631 1657 679 1730 είς
705 1663 772 1740 πῦρ
800 1654 958 1739 ἠφάνισε,
989 1659 1082 1739 ζήτη-

10 1784 41 1824 15
58 1756 187 1835 θέντας
210 1756 247 1824 δὲ
269 1761 329 1824 τόν
351 1756 388 1824 θ’
406 1757 566 1845 Ἱερεμίαν
587 1756 643 1824 καὶ
662 1760 721 1824 τὸν
739 1759 931 1845 γραμματέα
948 1760 1080 1846 Βάρου-

57 1889 124 1950 χον
152 1862 323 1931 ἐκέλευσεν
351 1864 498 1950 ἀχθήναι
520 1866 604 1951 πρὸς
630 1865 733 1931 αὐτὸν
759 1863 1081 1949 κολασθησομένους.

57 1970 160 2054 <96>
184 1965 276 2037 οὗτοι
303 1967 365 2056 μὲν
392 1966 455 2036 οὖν
482 1971 725 2054 διαφεύγουσιν
751 1969 856 2036 αὐτοῦ
882 1971 943 2055 τήν
966 1972 1081 2057 Ιόργήν,

58 2074 133 2162 μετ’
163 2077 204 2142 οὐ
231 2080 339 2145 πολὺν
367 2074 404 2144 δὲ
430 2080 555 2164 χρόνον
582 2076 868 2162 στρατευσάμενον
898 2075 948 2143 ἐπ’
979 2077 1118 2149 αὐτὸν3

59 2185 123 2248 τὸν
150 2193 218 2277 τῶν
240 2185 470 2269 Βαβυλωνίων
496 2181 634 2268 βασιλέα
662 2180 805 2268 δέχεται,
832 2184 915 2250 κατά
941 2186 978 2251 τὸ
1007 2183 1082 2263 δέος

14 2314 45 2354 20
61 2291 102 2353 τὸ
126 2290 217 2374 παρὰ
239 2301 307 2355 τῶν
324 2287 574 2377 προειρημένων
591 2290 656 2357 ὑπὸ
674 2301 735 2356 τοῦ
753 2293 928 2378 προφήτου
949 2294 1082 2376 τούτου,

61 2390 167 2460 οὐδὲν
189 2399 333 2479 νομίζων
354 2399 531 2462 πείσεσθαι
554 2398 667 2463 δεινὸν
688 2395 761 2481 μήτ’
783 2398 980 2477 άποκλείσας
1002 2402 1082 2484 μήτε

59 2503 260 2585 πολεμήσας.
304 2501 392 2585 <97>
416 2502 580 2568 εἰσελθὼν
602 2500 633 2567 δ’
658 2505 706 2580 είς
728 2503 833 2588 αὐτὴν
856 2506 917 2570 ούκ
940 2504 1083 2589 ἐφύλαξε

59 2609 122 2684 τάς
144 2609 284 2692 πίστεις,
312 2608 395 2674 ἀλλὰ
422 2611 501 2685 τοὺς
527 2606 768 2690 ἀκμαιοτάτους
793 2608 849 2674 καὶ
873 2609 987 2674 κάλλει
1011 2611 1082 2673 ιλια-

60 2710 230 2799 φέροντας
251 2725 318 2779 τῶν
333 2712 604 2801 Ἱεροσολυμιτῶν
625 2708 794 2778 ἀπέκτεινε
813 2714 892 2797 μετά
910 2723 971 2778 τοῦ
989 2718 1083 2798 βασι-

17 2840 47 2882 25
63 2817 148 2896 λέως
168 2817 351 2905 Ἰωακίμου,
376 2820 416 2886 ὃν
439 2821 569 2904 άταφον
593 2817 741 2885 ἐκέλευσε
764 2819 904 2906 ῥιφῆναι
927 2822 991 2905 πρὸ
1015 2831 1083 2885 τῶν

62 2935 194 3009 τειχῶν,
217 2928 276 2992 τὸν
295 2924 326 2991 δ’
348 2927 424 2992 υίὸν
442 2926 546 2992 αὐτοῦ
561 2923 735 3010 Ἰιοάχιμον
752 2923 929 3009 κατέστησε
946 2926 1083 3010 βασιλέα

62 3038 124 3115 τής
147 3031 256 3117 χώρας
273 3028 329 3097 καὶ
347 3041 405 3117 τῆς
423 3034 558 3109 πόλεως.
602 3032 691 3116 <98>
709 3033 788 3110 τοὺς
807 3029 838 3097 δ’
860 3031 896 3098 έν
915 3030 1083 3117 ἀξιώματι,

63 3139 270 3223 τρισχιλίους
300 3141 399 3215 όντας
425 3139 485 3204 τὸν
515 3137 677 3224 ἀριθμόν,
707 3138 829 3216 αύτούς
857 3138 1084 3224 αἰχμαλώτους

64 3244 179 3325 λαβὼν
201 3243 371 3328 ἀπήγαγεν
394 3246 441 3321 είς
464 3244 525 3328 τήν
544 3248 744 3330 Βαβυλῶνα·
768 3244 805 3310 ἐν
828 3241 866 3309 δὲ
887 3245 1018 3321 τούτοις
1040 3237 1085 3327 ήυ

138 3387 202 3445 §93
222 3409 256 3429 =
274 3383 371 3439 Ierem.
390 3382 479 3437 XLIII
494 3391 517 3440 1.
608 3389 676 3450 §96
696 3409 729 3429 =
748 3381 848 3450 4Reg.
865 3382 955 3438 XXIV
969 3389 993 3437 2.

66 3478 81 3537 ξ
97 3476 131 3526 97
152 3497 186 3516 =
205 3471 303 3526 Ierem.
318 3471 396 3526 XXII
412 3477 452 3529 18.

122 3570 249 3612 Ιοεινπυτ,
270 3570 301 3610 Π
899 3565 944 3613 Ὦ
