2400 3840
505 147 631 198 ΟΓΔΟΗ
1010 146 1074 208 241

55 302 186 386 Ἠλίαν,
211 303 400 386 ὑπήντησεν
423 303 609 389 δ’Ἁχαβος,
631 303 688 371 καὶ
710 307 807 391 ήρετο
831 303 900 390 μετ’
922 305 1024 391 ἀρχῆς
1048 309 1081 371 εί

59 409 161 485 αὐτὸς
185 415 234 490 είη
258 409 276 474 ὁ
298 411 357 474 τὸν
376 408 540 496 Ἑβραίων
559 413 642 477 λαὸν
660 413 810 488 κακώσας
827 409 883 477 καλ
901 421 960 494 τῆς
978 410 1078 494 ἀκαρ-

58 518 138 592 πίας
160 521 266 592 αῖτιος
284 525 323 601 τη
344 524 386 600 μή
405 520 591 602 γενόμενος.
624 517 642 582 ὃ
662 516 693 582 δ’
716 514 817 583 οὐδέν
834 517 1079 594 ὑποθωπεύσας

59 622 164 687 αὐτὸν
188 616 279 687 εἶπεν
300 623 429 687 ἅπαντα
447 625 487 688 τά
507 625 601 688 δεινά
620 621 833 706 πεποιηκέναι
851 621 906 687 καὶ
925 625 962 688 τὸ
981 621 1079 705 γένος

23 727 180 810 ταύτοῦ,
213 726 362 806 ξενικούς
392 729 683 814 ἐπεισενηνοχότας
709 738 749 814 τη
777 731 868 816 χώρᾳ
894 732 996 805 θεοὺς
1022 727 1079 793 καὶ

58 835 201 911 τούτους
223 832 396 918 σέβοντας,
422 837 482 900 τὸν
505 833 536 899 δ’
563 837 652 900 ῖδιον
675 836 801 918 αὐτῶν,
825 835 862 913 ὃς
884 838 986 921 μόνος
1010 833 1079 900 ἐστὶ

56 943 155 1022 θεός,
179 939 448 1023 ἀπολελοιπότας,
470 938 526 1004 καὶ
544 942 707 1025 μηδεμίαν
726 944 774 1006 ἐτι
792 943 955 1026 πρόνοιαν
974 941 1079 1005 αὐτοῦ

56 1043 291 1129 ποιουμένους.
329 1047 439 1130 <336>
462 1054 526 1111 νῦν
549 1045 663 1130 μέντοι
687 1045 718 1129 γ’
740 1047 927 1112 ἀνελθόντα
950 1047 1080 1112 ἐκέλευε

57 1152 169 1216 πάντα
192 1153 251 1217 τὸν
273 1153 356 1217 λαὸν
380 1155 427 1229 είς
450 1154 488 1217 τὸ
506 1153 702 1238 Καρμήλιον
721 1156 799 1238 όρος
817 1153 976 1240 ἀθροῖσαι
995 1155 1080 1240 πρὸς

10 1280 40 1320 ιο
58 1258 180 1341 αῦτόν,
210 1256 267 1322 καὶ
298 1261 377 1335 τοὺς
408 1260 580 1345 προφήτας
611 1258 715 1325 αὐτοῦ
742 1257 798 1324 καλ
826 1269 884 1343 της
911 1262 1079 1342 γυναικός,

60 1363 166 1427 εἰπὼν
189 1363 261 1428 ὅσοι
284 1366 344 1429 τὸν
367 1363 516 1450 ἀριθμὸν
538 1370 663 1447 είησαν,
685 1363 741 1429 καὶ
764 1367 842 1440 τοὺς
864 1373 932 1428 τῶν
950 1365 1081 1429 ἀλσεωυ

60 1469 249 1552 προφήτας,
277 1470 323 1546 ώς
347 1473 580 1556 τετρακοσίους
602 1472 639 1536 τὸ
662 1476 793 1554 πλῆθος
816 1473 923 1546 όντας.
970 1470 1080 1552 <33I>

27 1568 28 1572 ¹
59 1575 108 1650 ὡς
141 1572 178 1639 δὲ
210 1574 420 1660 συνέδραμον
446 1575 568 1652 πάντες
595 1577 643 1653 είς
668 1577 707 1640 τὸ
733 1574 975 1662 προειρημένον
1002 1578 1081 1661 όρος

55 1679 201 1764 Ἀχάβου
238 1678 501 1764 διαπέμψαντος,
538 1676 675 1756 σταθεὶς
711 1680 821 1745 αὐτῶν
858 1681 876 1747 ὁ
907 1683 1082 1767 προφήτης

10 1809 41 1849 15
57 1785 177 1862 Ἠλίας
200 1784 331 1870 μεταξύ,
354 1784 449 1873 μέχρι
472 1787 552 1850 πότε
573 1784 794 1871 διηρημένους
811 1786 933 1863 αὐτοὺς
950 1795 989 1871 πή
1009 1786 1082 1850 δια-

58 1895 141 1977 νοίᾳ
162 1890 218 1956 καὶ
236 1903 308 1968 ταῖς
327 1890 439 1970 δόξαις
457 1891 543 1957 ούτώ
563 1891 698 1974 βιώσειν
717 1893 848 1974 ἐφασκε.
880 1894 1082 1976 νομίσαντας

59 1994 126 2082 μέν
148 2000 212 2084 χάρ
234 1999 294 2063 τὸν
317 1997 479 2085 ἐγχώριον
501 1999 585 2063 θεὸν
608 1997 718 2081 ἀληθή
740 1994 796 2062 καὶ
817 2000 922 2082 μόνον
940 1997 1080 2062 ἕπεσθαι

59 2104 170 2192 τούτφ
193 2101 249 2168 καλ
271 2115 343 2181 ταῖς
362 2102 512 2180 ἐντολαῖς
530 2102 634 2168 αὐτοῦ
651 2101 803 2189 παρῄνει,
826 2100 931 2188 μηδὲν
950 2101 988 2168 δέ
1005 2111 1083 2169 τοῦ-

60 2233 124 2275 τον
150 2207 372 2294 ἡγουμένους,
399 2208 484 2274 ἀλλά
508 2207 585 2296 περὶ
606 2220 675 2275 τών
697 2209 836 2288 ξενικῶν
857 2211 1083 2294 ὑπειληφότας

12 2339 44 2379 εο
61 2317 110 2392 ὡς
134 2315 280 2392 ἐκείνους
303 2316 356 2380 δεῖ
377 2317 592 2403 θρησκεύειν,
620 2316 734 2394 αὐτοῖς
759 2319 980 2401 συνεβούλευε
1006 2339 1083 2381 κατ·

61 2427 274 2488 ακολουθεῖν.
305 2422 421 2507 <338>
439 2432 499 2487 τοῦ
519 2419 556 2487 δέ
578 2424 732 2505 πλήθους
754 2421 859 2507 μηδὲν
881 2425 964 2509 πρὸς
986 2421 1081 2488 ταῦτ’

62 2527 344 2614 ἀποκριναμένου,
366 2527 506 2610 ἠξίωσεν
526 2525 652 2611 Ἠλίας,
674 2528 758 2612 πρὸς
777 2528 952 2614 διάπειραν
970 2538 1029 2612 τής
1046 2552 1083 2593 τε

61 2645 133 2699 τῶν
162 2633 300 2713 ξενικῶν
327 2641 419 2699 θεῶν
447 2634 560 2716 ίσχύος
586 2629 642 2696 καὶ
669 2640 728 2714 τής
754 2639 814 2696 τοῦ
843 2633 947 2715 ίδίου,
980 2634 1085 2715 μόνος

64 2741 114 2805 ών
138 2739 241 2805 αὐτοῦ
260 2742 442 2828 προφήτης,
466 2737 603 2803 ἐκείνων
621 2734 660 2801 δὲ
676 2739 909 2822 τετρακοσίους
928 2735 1084 2822 ἐχόντων,

23 2866 49 2906 25
64 2848 183 2928 λαβεῖν
205 2847 305 2923 αὐτός
326 2870 362 2912 τε
381 2850 465 2930 βοῦν
483 2841 539 2909 καὶ
557 2845 681 2925 ταύτην
700 2843 809 2919 θύσας
827 2840 994 2907 ἐπιθεῖναι
1012 2853 1086 2919 τοῖς

66 2950 188 3034 ξύλοις,
210 2954 317 3037 πυρὸς
340 2952 400 3036 οὐχ
423 2948 652 3035 ὑφαφθέντος,
675 2948 849 3026 κάκείνους
869 2948 969 3013 ταύτὸ
988 2949 1085 3031 ποιή-

66 3073 189 3134 σαντας
227 3056 485 3125 ἐπικαλέσασθαι
516 3059 594 3133 τοὺς
627 3056 735 3133 ίδίους
766 3059 868 3132 θεοὺς
899 3054 1084 3119 ἀνακαῦσαι

65 3167 106 3230 τά
131 3163 225 3242 ξύλα·
253 3162 437 3250 γενομένου
459 3165 522 3249 χάρ
545 3162 667 3228 τούτου
690 3162 904 3246 μαθήσεσθαι
925 3163 1000 3225 τότε
1022 3161 1086 3242 τήν
1151 3167 1152 3170 ’

66 3270 178 3353 ἀληθή
203 3271 308 3354 φύσιν
330 3279 390 3335 τοῦ
413 3275 506 3335 θεοῦ.
542 3268 652 3351 <339>
675 3266 838 3353 ἀρεσάσης
861 3263 898 3331 δέ
921 3275 979 3350 τής
998 3267 1086 3349 γνώ-

28 3395 53 3434 ιῡ
67 3402 130 3461 μης
150 3374 321 3442 ἐκέλευσεν
336 3375 451 3453 Ἠλίας
468 3379 547 3452 τοῦς
559 3375 732 3460 προφήτας
747 3370 980 3458 ἐκλεξαμένους
999 3377 1086 3457 βοῦν

140 3501 223 3563 εοοσ
242 3523 276 3544 =
296 3506 312 3552 3
328 3499 395 3567 κερ.
414 3497 563 3552 XVIII17.

121 3598 249 3638 Ιοεεειτυε,
268 3598 299 3637 II
911 3588 953 3635 Χῖὶ
