2400 3840
86 128 154 192 320
454 125 730 177 APmOAorlAz

83 307 202 372 σαντο,
224 287 412 373 πέμψαντες
434 289 519 371 πρὸς
539 287 600 352 τὸν
619 283 770 364 Ἐζεκίαν
793 288 926 371 ἠξίουν
950 291 1053 357 αὑτὸν
1074 290 1111 356 ἐλ-

84 404 164 462 θεῖν
183 399 231 471 είς
244 398 374 478 λόγους.
410 391 475 460 ὃδ’
492 389 667 477 αὑτὸςμὶν
689 393 757 459 ὑπὸ
773 395 914 474 δειλίας
928 399 973 464 οὐ
986 401 1111 485 πρόεισι,
1135 433 1136 437 ¹

85 516 175 589 τρεῖς
202 499 240 568 δὶ
265 505 345 578 τοὺς
371 499 654 583 ἀναγκαιοτάτους
675 503 803 584 φίλους
830 503 933 591 αὐτῷ
958 504 1111 590 ἐξέπεμψε,

86 613 147 676 τὸν
168 619 228 692 τῆς
245 610 415 691 βασιλείας
432 605 612 691 ἐπίτροπον
626 603 822 690 Ἐλιάκιμον
844 610 965 695 ὄνομα
984 609 1042 676 καὶ
1058 615 1111 676 Σο

88 719 209 799 βναῖον
225 711 282 778 καὶ
296 710 432 797 Ἰώαχον
449 714 510 778 τὸν
528 709 582 778 ἐπὶ
598 723 666 777 τῶν
678 711 952 797 ὑπομνημάτων.
990 719 1055 802 <6>
1067 713 1127 782 τότ

86 845 139 885 τοι
163 817 225 904 μὶν
247 814 311 884 οὑν
332 821 557 902 προελθόντες
578 820 736 904 ἄντικρυς
760 829 834 884 τῶν
857 819 1046 906 ἡγεμόνων
1065 832 1112 906 τῆς

89 935 244 1010 στρατιάς
265 936 334 990 τῶν
354 923 540 1011 Ἀσσυρίων
567 925 717 1007 ἔστησαν.
762 927 989 1011 θεασάμενος
1010 928 1042 994 δ’
1065 928 1112 993 αὑ

90 1035 170 1109 τοὺς
192 1031 211 1097 ὁ
233 1032 416 1114 στρατηγὸς
429 1028 591 1114 Ῥαψάκης
612 1029 783 1096 ἐκέλευσεν
804 1029 1029 1114 ἀπελθόντας
1043 1034 1111 1114 Ἐζε

89 1139 146 1223 κίῳ
163 1135 275 1219 λέγειν
293 1137 344 1202 ὅτι
363 1140 519 1221 βασιλεὺς
536 1135 640 1221 μέγας
654 1137 888 1221 Σεναγηριβος
906 1143 1111 1208 πυνθάνεται

89 1241 195 1308 αὑτοῦ
225 1247 294 1310 τίνι
325 1250 466 1331 θαρρῶν
495 1242 553 1309 καὶ
585 1243 757 1320 πεποιθὼς
791 1246 917 1328 φεύγει
958 1250 1110 1330 δεσπότην
1119 1241 1144 1302 Ιῑ

91 1349 197 1416 αὑτοῦ
218 1348 274 1416 καὶ
292 1350 522 1436 ἀκροάσασθαι
544 1350 589 1434 μὴ
611 1348 705 1416 θέλει
727 1347 783 1415 καὶ
805 1351 870 1434 τὴν
892 1356 1059 1439 στρατιάν
1078 1351 1110 1418 οὐ
1141 1359 1142 1362 ’

91 1453 220 1541 δέχεται
242 1465 282 1542 τῇ
304 1460 414 1536 πόλεις
436 1456 457 1540 ἦ
480 1458 537 1522 διδ
558 1459 638 1534 τοὺς
659 1458 884 1539 Αὶγυπτίους,
908 1460 979 1542 τὴν
1002 1459 1109 1526 ἑαυτοῦ

91 1563 250 1645 στρατιὰν
272 1561 412 1642 ἐλπίζων
433 1561 491 1631 ὑπ’
512 1562 650 1629 ἐκείνων
671 1563 783 1628 αὐτῶν
802 1571 1109 1646 καταγωνίσασθαις

92 1669 158 1751 <7>
179 1669 211 1732 εί
233 1665 271 1734 δὶ
292 1678 392 1735 τοῦτο
413 1671 595 1757 προσδοκᾷ,
619 1666 755 1753 δηλοῦτ’
781 1669 871 1757 αὐτῷ
896 1671 951 1737 ὅτι
976 1674 1109 1757 ἀνόητός
1144 1742 1145 1746 ,

92 1773 176 1859 ἐστι,
204 1773 261 1840 καὶ
290 1776 405 1860 ὅμοιος
433 1775 602 1865 ἀνθρώπῳ
629 1775 667 1853 ὃς
693 1775 829 1863 καλάμῳ
858 1773 1134 1865 ε’περειδόμενοςῑὸ

93 1881 308 1972 τεθλασμένῳ
335 1885 419 1969 πρὸς
449 1892 495 1971 τῷ
526 1892 724 1948 καταπεσεῖν
748 1881 804 1946 ’ἔτι
834 1879 892 1946 καὶ
925 1884 993 1967 τὴν
1025 1899 1110 1971 χεῖρα

92 1989 266 2075 διαπαρεὶς
287 1989 411 2076 ᾔσθετο
432 1998 493 2073 της
510 1989 644 2074 βλάβης.
685 1985 810 2053 είδέναι
833 1985 864 2052 δ’
886 1988 940 2053 ὅτι
958 1989 1020 2056 καὶ
1039 1995 1110 2077 βου
1155 2015 1156 2046 ι

93 2097 185 2175 λήσει
217 2102 303 2159 θεοῦ
333 2095 396 2177 τὴν
427 2092 477 2160 ἐπ’
510 2094 614 2160 αὑτὸν
645 2095 819 2179 στρατείαν
850 2098 1050 2180 πεποίηται,
1081 2097 1111 2173 ὃς

92 2197 182 2283 αὑτῷ
204 2198 496 2283 καταστρέψασθαι
522 2198 577 2265 καὶ
604 2200 667 2282 τὴν
693 2211 761 2266 τῶν
780 2196 996 2285 Ἰσραηλιτῶν
1023 2208 1111 2288 βασι-

92 2304 186 2366 λείαν
214 2302 373 2386 δέδωκεν,
403 2305 460 2367 ἵνα
488 2306 548 2370 τὸν
578 2304 682 2370 αὑτὸν
707 2309 833 2391 τρόπον
859 2303 916 2370 καὶ
947 2310 1031 2386 τοὺς
1061 2310 1140 2395 dap-²⁰

93 2405 255 2493 χομένους
284 2406 340 2474 ὑπ’
374 2409 478 2475 αὑτοῦ
508 2410 701 2496 διαφθείρη.
746 2412 824 2495 <8>
849 2420 956 2476 ταῦτα
986 2411 1027 2480 δὲ
1058 2418 1112 2480 τὸν

91 2512 254 2600 Ῥαψάκην
277 2512 425 2602 ἑβραϊστὶ
448 2514 588 2601 λέγοντα
612 2514 685 2604 (τῆς
704 2519 768 2602 γάρ
786 2518 932 2601 γλώττης
952 2514 1043 2604 εἶχεν
1063 2520 1113 2605 ε’μ-

95 2625 231 2710 πείρως)
246 2621 471 2711 ὁἘλιάκιμος,
489 2626 698 2711 φοβούμενος
715 2624 759 2709 μὴ
777 2626 815 2690 τὸ
828 2630 961 2708 πλῆθος
975 2625 1113 2693 ἐπακοῦ-

96 2747 160 2796 σαν
179 2735 227 2809 είς
244 2734 391 2818 ταραχὴν
409 2733 542 2819 ἑμπέση,
561 2730 691 2819 συριστὶ
706 2731 844 2816 φράζειν
857 2729 963 2813 ἠξίου.
1001 2731 1113 2810 συνεὶς

97 2835 128 2901 δ’
154 2838 173 2904 ὁ
197 2841 378 2923 στρατηγὸς
399 2841 461 2920 τὴν
483 2839 647 2905 ὑπόνοιαν
674 2837 777 2902 αὐτοῦ
803 2833 859 2900 καὶ
884 2837 922 2901 τὸ
947 2834 998 2902 ἐπ’
1024 2838 1143 2926 αὐτςόθ

96 2941 185 3027 δέος,
213 2947 338 3028 μείζονι
360 2942 415 3008 καὶ
439 2945 584 3032 διατόρῳ
605 2952 646 3029 τῇ
669 2951 765 3028 φωνῇ
787 2943 958 3027 χρώμενος
980 2942 1113 3029 ἀπεκρί-

94 3072 175 3114 νατο
199 3049 288 3136 αὐτῷ
311 3046 459 3135 ἑβραϊστὶ
482 3045 606 3131 λέγειν,
634 3047 734 3124 *ὅπως
761 3047 962 3125 ἀκούσαντες
989 3052 1031 3115 τά
1053 3059 1113 3115 τοῦ

94 3154 255 3240 βασιλέως
285 3155 519 3240 προστάγματα
550 3152 670 3230 πάντες
696 3155 734 3218 τὸ
762 3151 935 3239 συμφέρον
962 3153 1112 3238 ἕλωνται,

93 3263 300 3346 παραδόντες
322 3262 444 3337 αὑτοὺς
463 3259 551 3344 ἡμῖν.
596 3258 660 3341 <9>
683 3260 787 3343 δῆλον
804 3259 868 3342 γάρ
888 3258 933 3336 ὡς
951 3261 1011 3325 τὸν
1029 3263 1112 3327 λαὸν

94 3366 189 3450 ὑμεῖς
207 3390 242 3432 τε
259 3364 314 3432 καὶ
329 3367 348 3434 ό
361 3369 516 3452 βασιλεὺς
530 3363 639 3431 ἐλπίσι
652 3364 939 3450 παρακρουόμενοι
958 3370 1113 3449 ματαίαις
1124 3381 1147 3422 ⁸⁰

166 3491 211 3552 ετ
232 3513 265 3533 =
283 3487 551 3558 4Reg.XV11118;
570 3486 622 3541 10⁸.
638 3484 755 3541 xxm
769 3488 794 3542 ε.

317 3731 360 3739 ,d-
368 3736 369 3739 .
