2400 3840
88 135 153 200 298
459 136 732 188 εεΧειοΛονιεΣ

87 301 166 373 τοὺς
194 294 231 363 δὲ
257 297 379 373 παῖδας
406 296 517 362 αύιῶν
544 293 644 361 οὐδὲν
671 295 848 381 εἰργάσατο
877 295 1019 378 δεινόν,
1050 294 1117 358 ἀκύ

89 410 198 470 λουθα
225 415 332 470 ποιῶν
354 413 426 480 τοῖς
447 401 613 479 Μωυσέος
635 405 764 485 νόμοις,
790 400 828 478 ὃς
852 400 918 466 οὐκ
945 399 1117 466 ἐδικαίωσε

89 513 145 576 διά
167 508 319 595 πατέρων
342 508 502 594 ἁμαρτίας
526 507 624 574 τέκνα
646 508 805 586 κολάζειν.
854 508 983 591 <188>
1009 512 1117 575 ἔπειτα

87 617 245 701 στρατιάν
264 613 412 693 ἐπιλέξας
430 613 466 681 έκ
478 624 538 698 τῆς
548 612 657 680 Ἰούδα
675 619 785 698 φυλής
802 611 859 700 καὶ
873 617 1117 700 Βενιαμίτιδος
1151 604 1152 608 “

87 734 154 787 τῶν
184 721 221 787 έν
250 721 335 807 ἀκμῇ
367 719 422 786 καὶ
454 719 538 808 ὑπὲρ
568 727 709 794 είκοσιν,
726 722 781 804 ἔτη
813 722 1031 805 γεγονότων,
1066 720 1135 787 καὶὸ

87 831 315 914 συναθροίσας
337 828 383 905 ὡς
404 828 582 914 τριάκοντα
600 828 774 913 μυριάδας,
796 828 928 893 τούτων
953 824 1022 911 μὲν
1046 825 1116 893 ἑκα-

87 934 288 1020 τοντάρχους
313 931 504 1018 κατέστησε,
533 932 664 1019 πέμψας
692 931 729 999 δὲ
755 931 810 999 καὶ
839 935 925 1018 πρὸς
955 937 1021 999 τὸν
1050 947 1116 1000 τῶν

85 1039 295 1124 Ἰσραηλιτῶν
318 1038 455 1122 βασιλέα
478 1046 659 1124 μισθοῦται
680 1037 759 1105 δέκα
777 1039 946 1124 μυριάδας
967 1041 1114 1107 ὁπλιτῶν

87 1145 259 1210 ταλάντων
282 1141 400 1211 ἑκατὸν
424 1144 600 1232 ἀργυρίου·
629 1147 801 1228 διεγνώκει
828 1147 893 1232 γάρ
920 1157 998 1224 τοῖς
1019 1145 1112 1231 Ἀμα-

88 1257 231 1334 ληκιτῶν
249 1251 364 1317 ἔθνεσι
381 1249 437 1317 καὶ
450 1249 646 1338 Ἰδουμαίων
663 1250 719 1317 καὶ
738 1254 935 1336 Γαβαλιτῶν
956 1252 1110 1340 ἐπιστρα-
1124 1266 1142 1304 1⁰

87 1358 280 1423 τεύσασθαι.
333 1356 455 1442 <189>
490 1355 827 1443 παρασκευασαμένου
860 1352 898 1421 δὲ
930 1360 1021 1444 πρὸς
1052 1360 1110 1442 τήν

88 1466 262 1548 στρατείαν
283 1462 340 1529 καὶ
362 1462 540 1549 μέλλοντος
559 1461 710 1549 ἐξορμᾶν,
733 1463 1027 1549 ὁπροφήτηςτὸν
1045 1477 1109 1532 τῶν

84 1567 296 1655 Ἰσραηλιτῶν
328 1571 470 1655 στρατὸν
502 1569 667 1635 ἀπολῦσαι
703 1570 983 1655 συνεβούλευσεν·
1025 1568 1106 1638 εἶναι

88 1677 150 1762 γάρ
174 1675 291 1760 ἀσεβή,
316 1673 371 1741 καὶ
394 1677 454 1741 τὸν
475 1677 560 1742 θεὸν
581 1670 685 1760 ἧτταν
711 1676 801 1764 αύτῷ
827 1674 1010 1762 προλέγειν
1033 1702 1107 1764 χρη-

88 1779 218 1872 σαμένφ
241 1783 373 1861 τούτοις
395 1782 592 1868 συμμάχοις,
619 1780 833 1868 περιέσεσθαι
859 1779 896 1846 δὲ
918 1793 990 1849 τῶν
1014 1791 1139 1850 πολε-15

88 1893 174 1972 μίων
195 1885 251 1955 καὶ
269 1887 338 1975 μετ’
360 1890 483 1973 ὀλίγων
501 1888 616 1966 αὐτοῖς
634 1889 878 1973 ἀγωνιζόμενον
896 1889 1107 1974 βουλομένου

87 2005 148 2061 τοῦ
170 2002 263 2061 θεοῦ.
309 1995 418 2079 <190>
441 1996 694 2081 δυσφοροῦντος
722 1991 759 2059 δὲ
781 2003 841 2059 τοῦ
865 1993 1033 2077 βασιλέως
1057 1994 1107 2061 ε’πλ

86 2111 132 2187 τῷ
160 2107 292 2184 φθῆναι
323 2104 383 2167 τὸν
415 2103 540 2185 μισθὸν
572 2100 752 2166 δεδωκέναι
783 2111 854 2177 τοῖς
877 2097 1108 2185 Ἰσραηλίταις,

87 2204 227 2289 παρῄνει
254 2217 364 2270 ποιεῖν
391 2206 409 2271 ὁ
432 2207 604 2292 προφήτης
632 2208 705 2272 ὅτι
731 2217 777 2294 τῷ
799 2213 869 2295 θεῷ
895 2207 1000 2272 δοκεῖ·
1029 2211 1109 2294 χρή-

87 2333 172 2393 ματα
191 2307 222 2372 δ’
244 2308 333 2395 αύτῷ
350 2311 457 2375 πολλά
475 2308 552 2393 παρ’
575 2310 679 2376 αύτοῦ
697 2314 908 2396 γενήσεσθαι.
952 2312 1010 2378 καὶ
1029 2319 1109 2394 τοὺς
1122 2324 1143 2363 ²⁰

87 2411 148 2498 μὲν
171 2414 323 2500 ἀπολύει,
350 2417 543 2501 χαρίζεσθαι
565 2417 625 2482 τὸν
648 2420 775 2501 μισθὸν
798 2421 915 2503 εἰπών,
944 2420 1047 2498 αὐτὸς
1072 2419 1108 2487 δέ

87 2523 167 2605 μετὰ
193 2530 252 2605 τῆς
279 2523 402 2600 οίκείας
429 2521 601 2608 δυνάμεως
633 2521 686 2589 ἐπὶ
717 2526 758 2589 τά
787 2524 1011 2612 προειρημένα
1038 2540 1109 2593 τῶν

88 2627 200 2695 ἐθνῶν
224 2628 426 2716 ἐστράτευσε.
470 2626 526 2695 καὶ
552 2632 716 2716 κρατήσας
739 2629 850 2697 αὐτῶν
872 2641 911 2717 τῇ
934 2633 1022 2717 μάχη
1044 2659 1108 2717 μυ-

87 2739 183 2821 ρίους
205 2735 267 2821 μέν
290 2735 469 2821 ἀπέκτεινε,
490 2737 602 2821 <191>
621 2738 802 2814 τοσούτους
825 2734 862 2802 δέ
886 2741 1008 2816 ζῶντας
1032 2741 1107 2804 έλα-

86 2845 156 2927 βεν,
181 2843 240 2920 οῦς
264 2841 316 2908 ἐπὶ
339 2843 400 2926 τήν
423 2843 569 2928 μεγάλην
592 2842 726 2926 ἀγαγὼν
748 2840 882 2928 πέτραν,
905 2844 988 2928 ήπερ
1014 2843 1106 2911 ἐστὶν
1120 2853 1144 2892 ²⁵

85 2950 169 3012 κατά
191 2948 253 3030 τήν
268 2946 434 3032 Ἀραβίαν,
458 2946 513 3013 ἀπ’
538 2949 639 3032 αὐτῆς
660 2938 930 3035 κατεκρήμνισεν·
955 2949 1108 3034 ἀπήγαγέ

86 3075 122 3118 τε
144 3056 239 3120 λείαν
260 3043 388 3134 πολλήν
410 3051 465 3117 καὶ
487 3059 634 3118 πλοῦτον
656 3056 814 3139 ἀφθονον
833 3054 868 3120 ἐκ
890 3066 957 3120 τῶν
981 3054 1104 3123 ἐθνῶν.

87 3160 209 3242 <192>
237 3156 393 3242 Ἀμασίον
426 3154 456 3221 δ’
488 3155 524 3221 έν
556 3158 687 3237 τούτοις
717 3161 938 3248 ὑπάρχοντος,
970 3162 1006 3226 οί
1035 3174 1105 3228 τῶν

83 3261 294 3349 Ἰσραηλιτῶν
308 3263 368 3340 οὓς
380 3261 523 3328 ἀπέλυσε
536 3264 799 3350 μισθωσάμενος,
818 3267 1105 3350 ἀγανακτήσαντες

87 3366 140 3433 ἐπὶ
170 3371 275 3458 τούτῳ
302 3366 357 3434 καὶ
385 3372 580 3453 νομίσαντες
605 3369 706 3455 ὕβριν
734 3366 819 3436 εἶναι
846 3374 908 3455 τήν
937 3373 1105 3442 ἀπόλυσιν
1117 3393 1143 3434 ⁸⁰

157 3488 425 3553 5188=2ParaL
439 3489 517 3544 XXV
532 3495 555 3546 ὅ.
643 3491 969 3563 §190=4Reg.xw
984 3499 1006 3547 7.

265 3743 371 3762 Δ
