2400 3840
123 136 166 200 38
489 137 763 190 ΑΡΧΑΙΟΛΟΓΙΑΣ

83 299 103 364 9
190 298 300 381 <170>
328 301 463 382 χρόνοις
491 296 522 363 δ’
547 298 688 381 ὕστερον
720 296 761 361 ού
788 300 924 371 πολλοῖς
951 296 986 358 οί
1012 299 1140 358 Παλαι-

87 397 91 404 ’
122 400 230 469 στινοὶ
248 403 350 470 πάλιν
368 407 590 480 συνελθόντες
607 402 663 468 καὶ
682 404 827 486 δύναμιν
846 401 1065 485 ἀθροίσαντες
1084 423 1140 483 με-

121 511 228 593 γάλην
247 509 358 577 ἐπίασι
376 522 447 587 τοῖς
462 508 688 595 Ἰσραηλίταις,
706 507 761 575 καλ
780 509 846 595 (τὸ)
865 507 985 592 μεταξὺ
1000 513 1140 591 Σωχοῦς

121 613 177 680 καὶ
197 614 329 700 Ἀζηκάς
346 618 675 700 καταλαμβανόμενοι
699 615 1025 700 στρατοπεδεύονται.
1063 614 1139 678 ἀντ-

122 719 271 805 επεξάγει
295 720 326 786 δ’
348 721 462 798 αὐτοῖς
483 723 545 804 την
564 724 721 805 στρατιάν
742 721 798 787 καὶ
819 722 983 806 Σάουλος,
1006 718 1061 784 καὶ
1086 719 1142 784 ἐπί
1154 735 1166 774 ⁵

120 851 214 905 τινος
232 830 333 912 όρους
351 828 716 911 στρατοπεδευσάμενος
732 827 906 910 ἀναγκάζει
919 828 998 902 τοὺς
1012 830 1140 889 Παλαι-

122 935 257 1010 στινοὺς
269 935 307 998 τὸ
322 927 384 1015 μὲν
402 944 536 1017 πρῶτον
554 935 779 1018 στρατόπεδον
796 938 999 1014 καταλιπεῖν,
1018 932 1141 1015 ὁμοίως

122 1035 154 1101 δ’
184 1037 240 1102 ἐπί
268 1061 361 1115 τινος
392 1041 493 1124 όρους
521 1039 659 1125 ἀντικρὺ
686 1048 746 1104 τοῦ
774 1037 1046 1122 καταληφθέντος
1073 1039 1139 1103 ὑπὸ

120 1151 181 1208 τοῦ
203 1144 363 1209 Σαούλου
390 1147 748 1230 στρατοπεδεύσασθαι.
794 1145 902 1226 <171>
932 1144 1082 1225 διέστησε
1106 1141 1137 1206 δ’

120 1245 176 1314 ἀπ’
205 1247 359 1333 ἀλλήλων
386 1252 427 1315 τδι
454 1252 659 1336 στρατόπεδα
690 1249 789 1334 μέσος
816 1250 928 1316 αὐλὼν
955 1261 1023 1314 τῶν
1051 1250 1140 1334 ὀρῶν
1155 1267 1181 1305 10

121 1353 174 1439 ἐφ’
197 1349 245 1421 ὧν
267 1350 319 1439 ἦν.
363 1359 508 1441 καταβάς
530 1351 592 1422 οὖν
610 1381 660 1434 τις
682 1369 750 1423 τῶν
769 1356 804 1422 ἐκ
822 1365 882 1422 τοῦ
902 1361 1140 1421 Παλαιστινῶν

121 1460 357 1546 στρατοπέδου,
382 1463 551 1546 Γολιάθης
568 1465 684 1548 όνομα,
707 1466 833 1539 πόλεως
851 1459 888 1527 δέ
908 1464 1036 1544 Γίττης,
1055 1461 1140 1545 ἀνὴρ

120 1567 431 1652 παμμεγεθέστατος
458 1563 516 1655 (ἦν
543 1571 605 1655 γάρ
633 1570 765 1654 πήχεων
791 1569 955 1653 τεττάρων
982 1565 1037 1632 καὶ
1066 1584 1140 1631 σπι-

119 1678 242 1756 θαμῆς,
266 1673 351 1740 ὅπλα
369 1685 409 1760 τη
433 1675 533 1759 φύσει
551 1685 612 1741 τοῦ
631 1677 781 1759 σώματος
799 1675 1029 1756 ἀναλογοῦντα
1048 1696 1139 1758 περι-

119 1782 283 1864 κείμενος·
305 1782 444 1866 θώρακα
467 1778 529 1866 μὲν
551 1783 614 1867 γὰρ
643 1780 816 1848 ἐνεδέδυτο
841 1783 992 1863 σταθμὸν
1015 1781 1139 1861 ἀγοντα
1154 1795 1179 1835 15

119 1884 218 1952 πέντε
236 1888 389 1972 χιλιάδας
407 1893 541 1973 σίκλων,
559 1892 691 1975 κόρυθα
705 1884 742 1953 δὲ
760 1885 814 1952 καὶ
833 1887 994 1969 κνημῖδας
1007 1891 1140 1969 χαλκᾶς,

121 1990 238 2069 ὁποίας
265 1995 353 2071 εἰκὸς
383 1988 427 2078 ἦν
454 1993 576 2079 ἀνδρὸς
608 1992 694 2059 οὕτω
717 1990 908 2076 παραδόξου
935 1993 974 2056 τὸ
997 1989 1140 2074 μέγεθος

121 2098 280 2162 σκεπάσαι
307 2100 347 2164 τά
374 2097 471 2183 μέλη,
501 2100 585 2184 δόρυ
615 2096 647 2163 δ’
672 2094 715 2180 ἦν
742 2097 783 2162 ού
810 2106 941 2181 κοῦφον
968 2098 1139 2182 βάσταγμα

121 2199 244 2282 δεξιᾶς,
272 2200 344 2266 ἀλλ’
371 2201 424 2267 ἐπὶ
450 2215 518 2267 τῶν
546 2205 645 2286 ὤμων
672 2202 752 2268 αὐτὸ
780 2209 886 2287 αἴρων
909 2204 1042 2286 ἔφερεν,
1073 2199 1139 2289 εἶχε

121 2300 159 2369 δὲ
185 2304 240 2370 καὶ
268 2309 392 2390 λόγχην
419 2305 599 2384 ἑξακοσίων
625 2311 763 2391 σίκλων,
795 2310 927 2374 εἵποντο
956 2307 994 2375 δὲ
1021 2309 1139 2376 πολλοὶ
1154 2327 1180 2366 2⁰

122 2411 337 2494 βαστάζοντες
353 2413 394 2476 τδι
409 2412 507 2492 ὅπλα)
521 2448 566 2460 -
580 2412 689 2496 (172)
708 2414 787 2490 στάς
804 2417 921 2478 τοίνυν
936 2416 954 2481 ό
970 2417 1140 2499 Γολιάθης

122 2510 220 2594 οὗτος
242 2517 362 2601 μεταξὺ
384 2517 598 2604 παρατάξεων
615 2520 699 2604 βοήν
717 2517 746 2583 τ’
767 2519 886 2604 ἀφίησι
910 2522 1065 2605 μεγάλην,
1084 2521 1140 2587 καὶ

121 2625 205 2708 πρὸς
234 2627 293 2692 τὸν
320 2625 479 2692 Σάουλον
509 2623 565 2691 καὶ
596 2628 675 2704 τοὺς
693 2624 868 2712 Ἑβραίους
899 2626 988 2709 λέγει
1020 2627 1141 2712 (μάχης

122 2726 184 2814 μὲν
207 2732 292 2816 ὑμᾶς
318 2731 374 2799 καὶ
400 2734 571 2800 κινδύνων
597 2733 801 2800 ἀπαλλάττω.
846 2738 896 2811 τίς
909 2778 912 2784 .
926 2735 988 2819 γάρ
1012 2733 1139 2818 ἀνάγκη

120 2837 182 2918 την
210 2841 368 2921 στρατιάν
394 2840 489 2923 ὑμῶν
516 2849 750 2923 συμπεσοῦσαν
776 2847 995 2918 κακοπαθεῖν;
1027 2841 1138 2924 <173>
1154 2857 1180 2897 ²⁵

122 2940 198 3005 δότε
226 2939 257 3005 δ’
283 2943 374 3018 ὅστις
401 2943 474 3028 ἐμοὶ
501 2957 650 3028 μαχεῖται
677 2956 745 3009 τῶν
771 2944 954 3030 ὑμετέρων,
980 2944 1036 3011 καὶ
1059 2951 1139 3033 βρα-

121 3048 322 3130 βευθησεται
349 3050 387 3113 τὸ
414 3058 475 3114 τοῦ
502 3051 649 3133 πολέμου
675 3048 770 3127 τέλος
797 3048 847 3116 ἑνὶ
870 3061 915 3140 τῷ
938 3057 1139 3135 νενικηκότι·

123 3152 344 3220 δουλεύσουσι
367 3155 430 3238 γάρ
454 3153 574 3220 ἐκεῖνοι
597 3167 668 3232 τοῖς
686 3154 810 3242 ἑτέροις
833 3152 881 3223 ὧν
900 3157 978 3224 ἀνό
1001 3162 1140 3242 νικήσας

121 3255 265 3340 γένηται.
311 3262 396 3327 πολὺ
420 3257 457 3326 δὲ
479 3273 640 3345 κρεῖττον,
663 3257 766 3347 οἶμαι,
786 3262 843 3329 καὶ
866 3263 1140 3351 σωφρονέστερον

121 3360 197 3440 ἑνὸς
214 3368 362 3457 κινδύνφ
381 3370 498 3451 λαβεῖν
516 3368 534 3433 δ
554 3369 718 3452 βούλεσθε
736 3368 756 3452 ἣ
775 3379 820 3458 τῷ
838 3371 993 3437 πάντωνῖ
1028 3373 1139 3454 <174>
1154 3388 1181 3427 ³⁰

193 3488 593 3558 §170=1Reg.XV111.
