2400 3840
555 150 680 203 oerfl
1059 151 1125 216 205

105 309 271 393 Λιβάνου,
294 306 349 373 καὶ
372 309 392 392 ἡ
416 320 483 374 τῶν
505 307 584 374 καθ’
604 298 901 394 ἡμέρανδείπνων
918 309 1125 395 πολυτέλεια,

104 413 163 482 καὶ
185 416 226 480 τὰ
249 424 307 499 τὴς
330 423 539 500 παρασκευῆς
562 415 666 481 αὐτοῦ
685 413 741 481 καὶ
760 416 942 500 διακονίας,
965 417 986 500 ἡ
1004 440 1040 482 τε
1057 429 1125 483 τῶν

106 524 365 608 ὑπηρετούντων
384 519 486 604 έσθὴς
504 519 559 586 καὶ
577 523 615 588 τὸ
632 519 702 606 μετ’
720 519 898 607 ἐπιστήμης
912 521 1022 588 αὐτῶν
1035 525 1125 607 παρὰ

104 631 169 713 τὴν
188 631 363 694 διακονίαν
382 625 551 712 εὐπρεπές,
570 627 630 713 ούχ
648 628 766 711 ἡκιστα
784 624 822 693 δὲ
835 625 891 694 καί
904 627 942 694 αί
953 625 1032 694 καθ’
1047 628 1125 713 ἡμέ-

72 762 88 802 ε
107 759 173 822 ραν
200 735 449 819 ἐπιτελούμεναι
476 743 522 822 τῷ
545 741 615 823 θεῷ
637 737 756 800 θυσίαι
779 731 895 801 καὶτὸ
918 733 1125 820 τῶνίερέων

105 840 164 908 καί
182 846 335 907 Λευιτῶν
357 838 433 925 περὶ
452 840 553 918 αύτάς
572 839 729 926 ἐπιμελές.
765 841 874 924 <170>
891 839 991 906 ταῦθ’
1014 841 1125 925 ὁρῶσα

105 945 187 1014 καθ’
217 946 344 1035 ἡμέραν
373 947 639 1032 ὑπερεθαύμαζε,
669 946 725 1013 καὶ
751 959 927 1033 κατασχεῖν
955 947 996 1013 οὐ
1023 949 1124 1032 δυνη-

105 1061 208 1120 θεῖσα
225 1054 288 1137 τὴν
306 1051 462 1137 ἔκπληξιν
478 1061 547 1118 τῶν
563 1050 787 1137 βλεπομένων,
805 1055 956 1138 φανερὰν
971 1051 1125 1138 ἐποίησεν

107 1159 214 1243 αὑτὴν
241 1165 478 1245 θαυμαστικῶς
505 1157 730 1243 διακειμένην·
757 1160 841 1244 πρὸς
862 1160 926 1245 γὰρ
949 1161 1008 1225 τὸν
1031 1164 1125 1244 βασι-

61 1290 91 1331 ιο
107 1263 168 1331 λέα
194 1265 348 1351 προήχθη
377 1267 498 1348 λόγους
525 1267 631 1331 εἰπεῖν
657 1261 717 1349 ὑφ’
743 1257 792 1329 ὧν
818 1263 967 1349 ήλέγχθη
992 1266 1125 1352 σφόδρα

106 1372 170 1454 τὴν
193 1372 348 1437 διάνοιαν
371 1369 425 1436 έπί
447 1383 518 1449 τοῖς
535 1367 788 1458 προειρημένοις
805 1368 977 1454 ἡττημένη.
1014 1371 1125 1455 <171>

106 1476 233 1541 (πάντα
255 1475 332 1561 μέν’
356 1478 419 1561 γάρ
443 1472 549 1561 εἶπεν,
576 1473 618 1542 ’ὦ
642 1480 795 1561 βασιλεῦ,
817 1477 858 1540 τδι
880 1475 930 1540 δι’
954 1475 1055 1560 ἀκοῆς
1078 1479 1125 1554 είς

106 1593 235 1666 γνῶσιν
264 1581 423 1669 ἐρχόμενα
450 1581 520 1667 μετ’
551 1583 703 1660 ἀπιστίας
729 1584 959 1666 παραγίνεται·
991 1593 1059 1649 τῶν
1087 1579 1125 1648 δέ

107 1701 179 1755 σῶν
202 1688 342 1772 ἀγαθῶν
365 1683 413 1754 ὧν
434 1688 534 1766 αύτός
550 1687 580 1754 τ’
602 1691 686 1773 έχεις
705 1687 742 1755 έν
761 1697 881 1778 σαυτῷ,
904 1687 988 1774 λέγω
1008 1685 1046 1754 δέ
1063 1689 1124 1772 τὴν

61 1820 89 1861 15
107 1797 234 1878 σοφίαν
250 1793 307 1860 καὶ
325 1795 387 1878 τὴν
405 1797 582 1882 φρόνησιν,
604 1792 659 1860 καὶ
678 1789 726 1861 ὧν
743 1793 766 1878 ἡ
783 1798 935 1878 βασιλεία
953 1811 1007 1860 σοι
1025 1796 1124 1859 δίδο-

107 1918 179 1985 σιυ,
202 1901 244 1967 οὐ
266 1903 393 1986 ψευδὴς
417 1899 471 1987 ἀρ’
496 1900 517 1984 ἡ
541 1903 633 1986 φήμη
656 1902 740 1988 πρὸς
761 1900 847 1985 ἡμᾶς
869 1901 1025 1984 διήλθεν,
1048 1897 1120 1966 ἀλλ’

105 2001 181 2072 οὗσ’
202 2006 332 2092 ἀληθὴς
349 2011 436 2074 πολὺ
456 2003 717 2094 καταδεεστέραν
738 2007 800 2090 τὴν
823 2005 1040 2091 εὐδαιμονίαν
1064 2005 1124 2072 ἀπ-

106 2111 233 2197 έφηνεν
251 2107 291 2196 ἡς
309 2113 376 2198 ὁρῶ
395 2122 460 2180 νῦν
477 2120 638 2198 παροῦσα.
666 2112 776 2198 <172>
794 2114 853 2189 τὰς
871 2109 1009 2197 μὲνγὰρ
1023 2111 1124 2190 ἀκοὰς

105 2222 242 2285 πείθειν
265 2217 424 2307 ἐπεχείρει
442 2223 558 2305 μόνον,
580 2222 618 2286 τὸ
638 2217 668 2286 δ’
690 2218 818 2304 ἀξίωμα
835 2229 903 2285 τῶν
921 2219 1124 2306 πραγμάτων

64 2349 93 2391 εο
108 2325 169 2411 οὐχ
203 2326 309 2404 ούτως
340 2325 445 2393 ἐποίει
472 2329 643 2414 γνώριμον
670 2327 716 2404 ὡς
741 2325 764 2410 ἡ
791 2329 868 2405 ὄψις
895 2325 976 2392 αὐτὸ
1003 2323 1059 2392 καί
1085 2329 1123 2392 τὸ

107 2430 185 2516 παρ’
216 2433 331 2510 αὐτοῖς
361 2428 448 2499 εἶναι
480 2437 684 2518 συνίστησιν.
735 2432 798 2516 ἐγὼ
830 2441 915 2516 γοῦν
947 2429 1027 2499 οὐδὲ
1054 2443 1124 2510 τοῖς

108 2536 411 2624 ἀπαγγελλομένοις
432 2540 489 2605 διδι
511 2542 549 2606 τὸ
572 2546 702 2624 πλῆθος
723 2537 779 2605 καὶ
797 2537 941 2623 μέγεθος
958 2533 1006 2604 ὧν
1025 2537 1124 2604 ἐπυν-

107 2648 264 2730 θανόμην
290 2647 507 2730 πιστεύουσα,
534 2651 646 2734 πολλῷ
672 2647 774 2710 πλείω
801 2645 930 2710 τούτων
958 2644 1124 2727 ἱστόρηκα,

107 2752 219 2836 <173>
240 2748 295 2816 καὶ
314 2753 478 2837 μακάριόν
495 2775 531 2818 τε
548 2748 608 2817 τὸν
622 2747 786 2836 Ἑβραίων
803 2750 887 2815 λαὸν
905 2744 992 2813 εἶναι
1009 2751 1124 2833 κ’ρίνω,

68 2877 94 2919 ετ
109 2858 254 2934 δούλους
276 2880 312 2922 τε
334 2860 413 2934 τοὺς
435 2859 516 2934 σοὺς
536 2853 592 2922 καὶ
615 2859 746 2940 φίλους,
770 2857 806 2920 οἳ
822 2851 901 2919 καθ’
921 2850 1048 2939 ἡμέραν
1066 2861 1125 2936 τῆς

108 2973 170 3048 σὴς
202 2963 429 3029 ἀπολαύουσιν
461 2966 569 3042 ὄψεως
599 2960 656 3028 καὶ
686 2957 746 3046 τὴς
773 2962 894 3044 σοφίας
920 2958 1123 3044 ἀκροώμενοι

108 3071 330 3135 διατελοῦσιν.
368 3069 577 3152 εὐλογήσειεν
600 3069 644 3135 ἀν
662 3092 713 3147 τις
730 3070 790 3134 τὸν
808 3069 892 3133 θεὸν
910 3066 1125 3150 ἀγαπήσαντα

108 3176 210 3259 τήνδε
230 3175 293 3258 τὴν
310 3177 423 3262 χώραν
439 3172 495 3241 καί
513 3179 591 3253 τοὺς
610 3173 647 3240 έν
665 3173 747 3260 αύτὴ
765 3181 1001 3250 κατοικοῦντας
1019 3171 1125 3248 οὕτως

110 3282 195 3346 ὥστε
219 3277 256 3346 σέ
277 3289 414 3366 ποιήσαι
437 3279 595 3366 βασιλέαῖ

68 3407 95 3447 30
177 3389 286 3472 <174>
318 3389 554 3476 παραστήσασα
585 3383 624 3452 δὲ
654 3384 709 3451 καὶ
742 3386 797 3450 διδ
824 3396 892 3450 τῶν
919 3388 1028 3468 λόγων
1054 3395 1160 3462 πῶςσ

182 3515 264 3576 §170
284 3535 317 3554 =
337 3508 436 3579 3Reg.
455 3507 523 3576 xm
543 3506 666 3562 2Paral.
686 3506 726 3561 IX
740 3513 765 3561 4.
