2400 3840
509 106 660 158 ΕεΔοιιΗ
1048 107 1090 170 91

72 272 139 332 σὺν
155 263 331 355 Ἀβεσσαίῳ
351 264 514 354 τάδελφῷ,
538 266 745 351 σπασάμενος
763 266 824 348 τήν
842 267 1008 352 μάχαιραν
1025 269 1090 334 ὑπὸ

71 375 136 456 τήν
158 376 284 455 λαγόνα
311 376 410 438 παίει.
455 373 542 456 <36>
569 371 624 437 καὶ
651 379 786 459 τελευτᾷ
813 369 875 457 μὲν
895 371 1091 460 Ἀβίννηρος

71 489 195 544 τοῦτον
219 476 429 565 ἐνεδρευθεὶς
455 481 514 544 τὸν
541 483 666 565 τρόπον
692 481 757 545 ὑπὸ
778 477 929 564 Ἰωάβου,
958 480 1003 556 ὡς
1030 476 1091 563 μὲν

71 586 174 662 αὐτὸς
197 589 298 669 ἔλεγε,
321 587 568 671 τιμωρήσαντος
588 583 733 674 Ἀσαήλῳ
757 586 925 674 τάδελφῷ,
951 585 991 651 ὃν
1014 587 1091 650 διῶ-

41 714 175 757 σκοντα
207 693 320 776 λαβὼν
346 689 543 776 Ἀβίννηρος
574 690 765 757 ἀπέκτεινεν
797 692 834 757 ἐν
865 701 904 777 τῆ
936 693 1020 778 πρὸς
1050 701 1089 776 τῆ
1172 710 1183 734 ⁸

71 801 226 883 Χεβρῶνι
245 798 342 882 μάχη,
366 797 411 874 ὡς
430 793 467 861 δὲ
485 794 628 879 τάληθὲς
647 792 723 882 εἶχε,
747 799 918 874 δείσαντος
938 796 1090 883 περὶτῆς

71 906 271 990 στρατηγίας
293 900 347 967 καὶ
371 911 429 987 τῆς
451 904 540 987 παρά
558 911 604 989 τῷ
623 905 754 986 βασιλεῦ
770 912 875 986 τιμῆς,
899 904 943 987 μή
962 904 1090 969 τούτων

70 1005 134 1094 μὲν
161 1009 261 1085 αὐτὸς
287 1009 502 1094 ἀφαιρεθείη,
536 1008 632 1092 λάβοι
665 1005 702 1073 δὲ
728 1010 817 1095 παρά
843 1011 997 1075 Δαυίδου
1029 1010 1090 1093 τήν

70 1116 207 1200 πρώτην
237 1114 331 1194 τάξιν
360 1113 565 1199 Ἀβέννηρος
611 1115 706 1198 <37>
739 1113 774 1180 ἐκ
806 1115 934 1180 τούτων
966 1118 1008 1180 άν
1040 1139 1090 1192 τις

30 1247 56 1286 ιο
69 1222 307 1304 κατανοήσειεν
326 1220 387 1286 ὅσα
400 1218 455 1285 καὶ
474 1223 595 1303 πηλίκα
614 1226 780 1306 τολμῶσιν
800 1223 975 1307 άνθρωποι
993 1229 1089 1288 πλεο-

70 1327 182 1405 νεξίας
204 1327 299 1393 ἕνεκα
322 1325 377 1393 καί
400 1327 502 1413 ἀρχῆς
528 1326 583 1392 καὶ
607 1336 667 1392 τοῦ
694 1327 812 1412 μηδενὶ
835 1331 962 1395 τούτων
984 1351 1090 1413 παρα-

69 1444 229 1520 χωρῆσαι.
274 1435 459 1517 κτήσασθαι
483 1435 546 1519 γάρ
570 1434 653 1499 αὐτά
671 1441 858 1512 ποθοῦντες
882 1437 937 1500 διὰ
960 1438 1089 1520 μυρίων

68 1550 183 1605 κακῶν
214 1540 437 1623 λαμβάνουσι,
473 1537 528 1603 καὶ
561 1540 730 1616 δείσαντες
760 1539 942 1624 ἀποβαλεῖν
978 1547 1089 1628 πολλῶ

69 1650 197 1733 χείροσι
216 1647 252 1711 τὸ
272 1644 410 1730 βέβαιον
429 1646 541 1722 αὑτοῖς
558 1655 617 1728 τῆς
635 1655 829 1731 παραμονῆς
846 1657 1089 1734 περιποιοῦσιν,

30 1775 55 1816 15
70 1754 160 1836 <38>
183 1753 228 1828 ὡς
255 1752 315 1835 οὐχ
345 1751 463 1835 ὁμοίου
491 1752 605 1816 δεινοῦ
632 1752 854 1836 τυγχάνοντος
882 1753 925 1836 μή
953 1757 1090 1838 πορίσα-

69 1865 154 1924 σθαι
176 1863 351 1940 τηλικοῦτο
375 1854 518 1940 μέγεθος
537 1855 687 1933 ἐξουσίας
709 1855 765 1921 καὶ
784 1858 917 1940 συνήθη
939 1869 1010 1934 τοῖς
1031 1856 1086 1922 ἀπ’

69 1965 173 2048 αὐτῆς
196 1963 339 2046 ἀμαθοῦς
357 1965 538 2046 γενόμενον
557 1959 657 2027 ἔπειτ’
679 1962 784 2045 αὐτὴν
805 1961 973 2028 ἀπολέσαι.
1014 1965 1089 2028 τοῦ-

68 2095 130 2137 τον
159 2068 189 2134 δ’
220 2070 408 2154 ὑπερβολήν
437 2071 571 2154 ἔχοντος
600 2078 789 2155 συμφοράς,
820 2071 875 2134 διὰ
904 2078 1003 2135 τοῦτο
1033 2067 1088 2134 καὶ

68 2177 279 2263 χαλεπώτερα
302 2187 513 2260 μηχανῶνται
536 2173 592 2241 καὶ
614 2182 781 2261 τολμῶσιν
805 2179 884 2263 ἔργα
907 2177 1028 2254 πάντες
1051 2176 1088 2241 ἐν

29 2306 56 2346 εο
70 2287 166 2372 φόβφ
189 2292 251 2348 τοῦ
274 2281 455 2366 ἀποβαλεῖν
478 2286 662 2368 γενόμενοι.

137 2390 221 2456 ἀλλά
244 2386 319 2474 περὶ
343 2385 404 2472 μὲν
426 2390 554 2454 τούτων
582 2388 619 2454 ἐν
642 2389 800 2475 βραχέσιν
828 2389 923 2476 ἀρκεί
945 2392 1088 2474 δεδηλῶ-

69 2503 164 2561 σθαι·
188 2494 275 2577 <39>
289 2495 442 2576 Δαυίδης
460 2492 491 2558 δ’
513 2495 657 2571 ἀκούσας
676 2494 884 2580 ἀνῃρημένον
902 2498 962 2561 τὸν
978 2495 1087 2581 Ἀβέν-
1107 2517 1122 2564 σ

69 2625 175 2687 νηρον
197 2603 320 2683 ήλγησε
343 2595 405 2682 μὲν
428 2600 489 2681 τήν
512 2600 637 2683 ψυχήν,
664 2598 868 2684 ἐμαρτύρατο
892 2596 929 2664 δὲ
952 2602 1088 2683 πάντας,

69 2709 253 2773 ἀνατείνων
277 2708 324 2782 είς
347 2707 407 2769 τὸν
429 2706 513 2769 θεὸν
535 2704 596 2786 τήν
620 2701 732 2780 δεξιάν
754 2700 810 2768 καὶ
833 2707 923 2787 βοῶν
946 2706 992 2781 ὡς
1012 2707 1088 2770 οῦτε

25 2834 52 2874 25
68 2815 231 2903 κοινωνὸς
250 2817 299 2894 είη
318 2821 377 2894 τῆς
393 2809 594 2895 Ἀβεννήρου
613 2818 744 2893 σφαγῆς
762 2809 839 2874 οὔτε
856 2807 928 2875 κατ’
950 2810 1088 2894 ἐντολήν.

66 2918 124 2985 καὶ
147 2921 309 3004 βούλησιν
333 2918 424 2981 ίδίαν
448 2916 626 3000 ἀποθάνοι,
649 2915 732 3002 ἀράς
751 2912 788 2981 δὲ
805 2919 888 2983 κατά
905 2926 966 2983 τοῦ
984 2939 1088 3001 πεφο-

65 3029 225 3102 νευκότος
248 3024 351 3089 αὐτὸν
373 3025 485 3100 δεινάς
504 3022 644 3107 ἐτίθετο,
666 3021 799 3089 καὶτὸν
818 3017 912 3089 οἷκον
931 3025 1011 3090 ὅλον
1029 3024 1087 3089 αὐ-

65 3142 128 3198 τοῦ
151 3129 207 3196 καὶ
229 3134 310 3206 τοὺς
331 3128 585 3214 συμπράξαντας
607 3130 824 3207 ὑπευθύνους
847 3129 989 3196 ἐποιεῖτο
1014 3143 1088 3208 ταίς

65 3235 152 3324 ὑπὲρ
176 3245 236 3302 τοῦ
258 3236 490 3318 τελευτηκότος
512 3247 658 3311 ποιναῖς·
684 3235 771 3317 <40>
796 3237 889 3319 ἔμελε
912 3238 975 3322 γάρ
998 3237 1087 3325 αὐτῷ

21 3365 49 3406 ιο
64 3346 111 3431 μῆ
132 3342 226 3422 δόξαι
245 3344 333 3428 παρά
351 3343 410 3418 τάς
428 3344 555 3416 πίστεις
572 3337 627 3405 καὶ
646 3343 724 3416 τοὺς
743 3340 873 3425 ὅρκους,
892 3341 951 3418 οὓς
966 3343 1089 3408 ἔδωκεν

141 3470 209 3531 §36
230 3490 263 3509 =
284 3463 503 3531 2Reg.11127.
