2400 3840
504 144 655 194 ΕΒΔοΜΗ
1025 143 1089 207 167

67 303 305 389 ἑβδομήκοντα,
328 306 526 390 βασιλεύσας
550 302 580 368 δ’
607 301 687 368 ἕπτδι
710 300 771 387 μὲν
796 301 832 367 ἐν
856 308 1008 390 Χεβρῶνι
1031 315 1090 390 τῆς

65 409 174 475 Ἰούδα
197 415 307 495 φυλῆς
329 408 384 476 καὶ
403 420 509 495 μῆνας
528 409 572 493 ἓξ,
596 410 633 474 ἐν
648 408 889 495 Ἱεροσολύμοις
908 408 939 475 δ’
961 410 1089 495 ἁπάσης

67 527 126 600 τῆς
148 518 257 602 χώρας
279 520 354 604 τρία
376 514 431 582 καὶ
459 516 646 603 τριάκοντα.
693 516 802 599 (390)
830 510 927 592 οὗτος
954 518 1088 603 άριστος

67 623 152 708 ἀνὴρ
177 621 318 707 ἐγένετο,
340 622 395 688 καὶ
419 633 529 688 πᾶσαν
552 623 672 709 ἀρετὴν
695 625 780 706 έχων
803 622 846 705 ἣν
869 624 936 687 ἔδει
960 633 1005 711 τῷ
1029 628 1087 708 βα-

33 733 154 793 εσιλεί
180 727 235 794 καὶ
268 730 437 795 τοσούτων
470 727 583 795 ἐθνῶν
615 732 781 815 σωτηρίαν
814 728 1084 818 ἐγκεχειρισμένῳ

64 847 248 919 προσεῖναι.
294 836 448 922 ἀνδρεῖός
471 837 533 923 γάρ
557 830 600 919 ἦν
623 835 668 912 ὡς
691 835 752 900 οὐκ
775 836 875 912 ἄλλος
898 860 963 920 τις,
988 835 1025 901 ἐν
1048 834 1086 902 δὲ

63 953 135 1017 τοῖς
157 938 240 1028 ὑπὲρ
264 953 332 1008 τῶν
354 942 510 1025 ὑπηκόων
537 943 642 1024 άγῶσι
668 953 799 1028 πρῶτος
827 939 880 1006 ἐπὶ
908 944 987 1019 τοὺς
1014 966 1084 1007 κιν-

63 1049 189 1124 δύνους
203 1049 306 1136 ὥρμα,
325 1058 370 1137 τῷ
388 1047 506 1113 πονεῖν
524 1045 580 1113 καὶ
599 1047 764 1132 μάχεσθαι
778 1051 1084 1134 παρακελευόμενος

62 1156 142 1230 τοὺς
174 1156 374 1240 στρατιώτας
407 1152 460 1219 ἐπὶ
492 1156 551 1232 τάς
582 1153 792 1240 παρατάξεις,
825 1153 897 1221 ἀλλ’
932 1153 1006 1239 ούχὶ
1038 1164 1084 1244 τῷ

17 1284 45 1322 ιο
61 1261 279 1344 προστάττειν
302 1261 347 1337 ὡς
370 1262 544 1344 δεσπότης,
574 1261 691 1344 <391>
721 1265 843 1345 νοῆσαί
868 1259 981 1326 τεκαὶ
1005 1277 1084 1326 συν-

62 1367 150 1430 ιδεῖν
172 1363 325 1452 καὶπερὶ
349 1377 416 1431 τῶν
439 1369 629 1450 μελλόντων
656 1364 710 1430 καὶ
739 1375 798 1450 τῆς
820 1377 887 1431 τῶν
914 1365 1083 1449 ἐνεστηκό-

60 1496 130 1536 των
149 1473 568 1555 οίκονομίαςκίκανῶτατος,
588 1473 743 1557 σώφρων,
763 1471 917 1556 ἐπιεικής,
940 1476 1083 1558 χρηστὸς

59 1580 144 1662 πρὸς
167 1581 244 1654 τοὺς
268 1576 305 1642 ἐν
328 1591 516 1664 συμφοραῖς
538 1562 762 1662 ὑπάρχοντας,
791 1579 932 1661 δίκαιος,
961 1578 1081 1664 φιλάν-

59 1691 208 1768 θρωπος,
232 1683 253 1748 δ
272 1686 389 1767 μόνοις
408 1682 555 1770 ἐξαίρετα
574 1696 643 1760 τοῖς
661 1687 856 1767 βασιλεῦσιν
875 1679 961 1748 εἶναι
979 1702 1081 1770 προσ-

16 1813 43 1853 15
59 1800 129 1873 ηκε,
153 1787 257 1874 μηδὲν
277 1790 361 1867 ὅλως
380 1792 470 1876 παρὰ
492 1799 631 1855 τοσοῦτο
650 1788 792 1872 μέγεθος
809 1788 960 1867 ἐξουσίας
977 1791 1081 1875 ἁμαρ.-

57 1898 127 1961 τὼν
149 1895 169 1980 ἢ
192 1898 230 1961 τὸ
257 1894 332 1981 περὶ
359 1897 422 1979 τὴν
447 1895 554 1981 Οὐρία
582 1906 733 1976 γυναῖκα.
779 1892 932 1960 κατέλιπε
960 1892 997 1960 δέ
1023 1895 1079 1960 καὶ

56 2009 205 2068 πλοῦτον
229 2003 310 2067 ὅσον
332 2002 393 2066 ούκ
417 2003 516 2077 άλλος
539 2003 694 2085 βασιλεὺς
718 1997 796 2064 οὔθ’
817 1997 981 2085 Ἑβραίων
1004 1999 1076 2066 οὔτ’

57 2111 170 2175 ἄλλων
194 2107 314 2173 ἐθνῶν.

126 2215 235 2299 <392>
260 2216 367 2291 ἔθαψε
390 2210 421 2278 δ’
442 2212 545 2278 αὐτὸν
569 2212 586 2278 ὁ
606 2223 684 2288 παίς
702 2214 868 2296 Σολομὼν
887 2211 924 2278 έν
938 2211 1077 2301 Ἱεροσο-
1097 2233 1113 2281 3

14 2324 176 2406 νολύμοις
209 2322 411 2406 διαπρεπῶς,
444 2331 513 2398 τοῖς
545 2316 574 2384 τ’
604 2320 718 2395 ἄλλοις
750 2310 801 2396 οἷς
831 2319 907 2405 περὶ
939 2322 1078 2403 κηδείαν

56 2430 223 2511 νομίζεται
247 2428 422 2510 βασιλικὴν
445 2428 560 2510 άπασι,
589 2423 645 2491 καὶ
669 2426 710 2508 δὴ
738 2425 793 2491 καὶ
816 2432 963 2492 πλούτου
988 2428 1077 2516 αὐτῷ

55 2537 165 2599 πολὺν
187 2531 242 2597 καὶ
266 2535 423 2618 άφθονον
445 2534 702 2616 συνεκήδευσεν·
731 2528 778 2597 ὧν
801 2532 863 2614 τὴν
885 2533 1078 2619 ὑπερβολὴν

55 2637 256 2725 τεκμαίροιτ’
277 2640 320 2704 άν
334 2662 384 2714 τις
403 2638 526 2723 ῥᾳδίως
540 2636 575 2701 ἐκ
593 2646 653 2702 τοῦ
672 2635 930 2720 λεχθησομένου.
967 2640 1077 2722 <393>

56 2748 137 2829 μετά
160 2747 223 2830 γάρ
246 2747 370 2832 χρόνον
393 2742 477 2808 ἐτῶν
494 2746 612 2826 χιλίων
634 2738 689 2806 καὶ
707 2746 906 2828 τριακοσίων
917 2741 1077 2828 Ὕρκανος

15 2853 74 2918 2τὸ
105 2853 276 2937 ἀρχιερεύς
303 2851 584 2936 πολιορκούμενος
610 2846 667 2913 ὑπ’
698 2850 867 2931 Αντιόχου
896 2858 956 2913 τοῦ
985 2850 1076 2915 εὐσε-

55 2963 137 3042 βοῦς
171 2955 422 3040 ἐπικληθέντος,
453 2957 532 3020 υίοῦ
562 2951 599 3020 δὲ
629 2957 840 3041 Δημητρίου,
872 2958 1076 3039 βουλόμενος

54 3062 194 3150 χρήματ’
220 3064 309 3152 αύτῷ
333 3064 451 3127 δοῦναι
475 3057 558 3148 ὑπὲρ
583 3070 643 3126 τοῦ
666 3067 763 3127 λῦσαι
792 3061 853 3144 την
878 3065 1075 3148 πολιορκίαν

54 3170 110 3235 καὶ
138 3172 200 3253 την
228 3171 386 3255 στρατιάν
409 3167 607 3251 ἀπαγαγεῖν,
634 3165 690 3232 καὶ
718 3167 908 3251 ἀλλαχόθεν
935 3168 996 3232 ούκ
1022 3169 1075 3232 εύ-

54 3288 185 3360 πορῶν,
213 3274 347 3353 άνοίξας
375 3275 434 3340 ἕνα
462 3269 555 3340 οἶκον
583 3261 650 3339 τῶν
678 3273 715 3338 ἐν
742 3283 787 3361 τῷ
812 3275 967 3338 Δαυίδου
994 3274 1075 3357 μνη-

12 3402 40 3441 30
55 3407 134 3466 μαιι
166 3379 221 3446 καὶ
254 3381 420 3467 βαστάσας
450 3384 615 3468 τρισχίλια
644 3380 788 3446 τάλαντα
820 3378 919 3465 μέρος
952 3381 1075 3445 ἔδωκεν

131 3508 217 3568 §389
238 3529 272 3547 =
291 3503 388 3571 3Reg.
409 3501 436 3555 H
450 3507 492 3557 11.
