2400 3840
534 143 687 195 EBAOMH
1054 143 1119 210 153

101 306 207 370 είλετο
236 306 296 370 τὸν
317 306 477 388 πόλεμον,
504 300 647 388 ῆτῆσατο
674 302 785 379 πάθος
811 303 927 369 κοινὸν
948 302 1003 369 καὶ
1026 310 1120 390 βασι·

101 416 196 494 λεῦσι
217 407 273 475 καὶ
296 421 367 487 τοῖς
389 407 594 495 ἀρχομένοις,
618 407 654 475 ἐν
675 402 757 496 ἀπὸ
777 406 852 486 δέος
871 415 946 475 ίσον
964 410 1119 478 ἀπάντων

100 520 239 601 γίνεται,
262 517 432 602 προειπὼν
454 516 505 582 ὅτι
527 518 614 582 πολὺ
636 525 786 603 κρεῖττον
809 517 857 593 είς
878 517 937 593 τάς
956 525 1016 582 τοῦ
1034 524 1118 583 θεοῦ

95 634 214 710 Ιχεῖρας
237 621 391 708 ἐμπεσείν
413 621 433 706 ἢ
456 624 514 700 τάς
536 632 605 688 τῶν
626 626 803 707 πολεμίων.

72 751 86 792 5
168 730 288 813 <324>
318 726 410 795 ταῦτ’
440 727 584 806 ἀκούσας
615 728 633 796 ό
664 730 837 815 προφήτης
868 728 1046 812 ἀπήγγειλε
1072 739 1155 819 τῷε

100 842 184 923 θεῷ·
218 834 236 900 ὃ
265 832 303 901 δὲ
329 836 389 901 τὸν
416 835 535 919 λοιμὸν
560 831 616 900 καὶ
642 835 704 918 τῆν
731 836 868 922 φθοράν
896 837 1019 920 ἔπεμψε
1048 847 1118 914 τοῖς

101 944 272 1027 Εβραίοις.
318 939 532 1024 ἀπέθνησκον
558 936 589 1006 δ’
616 941 657 1006 οὐ
679 943 907 1027 μονοτρόπως,
935 939 1008 1007 οὐδ’
1034 943 1118 1008 ὥστε

101 1046 221 1134 ῥηίδιον
243 1055 446 1131 κατανοῆσαι
468 1044 627 1130 γενέσθαι
653 1045 715 1130 τῆν
740 1049 857 1131 νόσον,
885 1047 968 1114 ἀλλά
995 1049 1032 1113 τὸ
1056 1045 1118 1133 μὲν

99 1154 204 1219 κακὸν
221 1153 259 1219 ἓν
276 1148 330 1237 ἦν,
353 1155 488 1239 μυρίαις
506 1149 537 1219 δ’
558 1153 680 1230 αὐτοὺς
697 1154 818 1231 αἰτίαις
835 1151 891 1219 καὶ
908 1155 1118 1241 προφάσεσιν

59 1283 86 1323 10
101 1257 175 1325 οὐδ’
206 1258 379 1343 ἐπινοῆσαι
406 1256 614 1344 δυναμένους
636 1259 830 1345 ἀνήρπαζεν.
862 1259 992 1345 ,<325>
1019 1262 1120 1340 ἀλλος

101 1367 165 1451 γὰρ
188 1362 238 1431 ἐπ’
264 1366 354 1455 ἀλλφ
378 1365 600 1450 διεφθείρετο,
623 1362 679 1430 καὶ
702 1364 876 1431 λανθάνον
898 1365 1119 1452 ἐπερχόμενον

100 1473 138 1536 τὸ
159 1472 272 1537 δεινὸν
290 1469 401 1550 ὀξεῖαν
418 1471 480 1554 τῆν
497 1469 654 1554 τελευτὴν
672 1468 821 1557 ἐπέφερε,
840 1482 909 1537 τῶν
926 1468 988 1557 μὲν
1006 1474 1120 1558 αίφνι-

101 1578 182 1654 δίως
204 1575 274 1662 μετ’
299 1577 497 1662 ἀλγημάτων
520 1577 680 1662 σφοδρῶν
700 1574 756 1642 καὶ
773 1587 893 1664 πικρᾶς
915 1578 1039 1663 ὀδύνης
1056 1580 1120 1663 τῆν

100 1684 212 1768 ψυχὴν
235 1680 413 1767 ἀφιέντων,
436 1681 536 1749 ἐνίων
559 1679 673 1749 δὲκαὶ
696 1683 950 1770 μαραινομένων
968 1696 1039 1762 τοῖς
1056 1708 1117 1751 πα-

58 1813 85 1854 15
100 1791 229 1873 θῆμασι
251 1786 307 1854 καὶ
329 1785 406 1874 μηδ’
432 1792 480 1866 είς
506 1789 643 1872 κηδείαν
668 1787 955 1873 ὑπολειπομένων,
982 1788 1054 1857 ἀλλ’
1080 1791 1117 1857 ἐν

99 1895 189 1982 αὐτῷ
206 1904 252 1984 τῷ
270 1895 409 1981 κάμνειν
428 1898 476 1973 είς
487 1897 526 1962 τὸ
540 1891 698 1972 παντελὲς
711 1893 969 1980 δαπανωμένων.
1006 1897 1116 1983 <326>

99 2004 136 2067 οἳ
152 1999 182 2068 δ’
199 2003 373 2087 αίφνίδιον
391 2004 530 2079 σκότους
547 2001 660 2078 αὐτοῖς
678 2001 737 2078 τάς
753 2002 848 2079 ὄψεις
864 2001 1119 2088 ὑποδραμόντος

97 2117 304 2193 περιπνιγείς
326 2106 522 2196 ἀπῴμωζον,
549 2110 633 2174 ἔνιοι
657 2104 694 2173 δέ
715 2118 784 2174 τῶν
806 2109 939 2173 οίκείων
961 2109 1037 2174 τινά
1059 2133 1116 2192 κη-

99 2214 254 2290 δεύοντες
286 2211 540 2297 ἐπαπέθνησκον
575 2210 704 2279 ἀτελέσι
740 2224 813 2293 ταῖς
842 2225 974 2299 ταφαῖς.
1028 2212 1117 2281 ἀπώ-

57 2342 85 2382 ιο
98 2324 198 2386 λοντο
222 2316 270 2404 δ’,
293 2316 607 2406 ἀρξαμένηςέωθεν
632 2327 692 2405 τῆς
714 2325 865 2407 λοιμικῆς
889 2323 994 2388 νόσου
1016 2325 1116 2406 φθεί-

99 2449 173 2511 ρειν
195 2424 317 2502 αὐτοὺς
339 2424 402 2502 ἕως
424 2425 512 2511 ὥρας
530 2424 678 2510 ἀρίστου,
700 2427 859 2513 μυριάδες
877 2424 967 2493 έπτά.
1006 2428 1115 2513 <327>

98 2528 238 2610 ἐξέτεινε
265 2529 296 2597 δ’
326 2531 345 2598 ό
372 2533 512 2614 ἅγγελος
538 2532 599 2615 τὴν
630 2543 725 2619 χεῖρα
750 2530 806 2598 καὶ
834 2529 888 2598 ἐπὶ
913 2534 954 2598 τά
977 2531 1117 2619 Ἱεροσό

97 2643 198 2722 λυμα,
214 2639 253 2704 τὸ
268 2637 382 2703 δεινὸν
398 2635 529 2703 κάκεῖσε
542 2633 689 2722 πέμπων.
725 2637 744 2702 ὁ
763 2633 801 2702 δὲ
819 2640 975 2722 βασιλεὺς
992 2639 1117 2704 σάκκον

98 2740 319 2828 ἐνδεδυμένος
346 2745 450 2809 ἔκειτο
472 2743 555 2808 κατά
576 2742 636 2827 τῆς
658 2750 734 2825 γῆς,
762 2742 918 2809 ίκετεύων
943 2743 1005 2808 τὸν
1030 2745 1116 2810 θεὸν

55 2871 83 2912 ιε
97 2846 154 2913 καὶ
178 2849 335 2933 δεόμενος
356 2850 420 2932 ῆδη
439 2854 592 2934 λωφῆσαι
612 2844 670 2913 καὶ
696 2857 767 2925 τοῖς
789 2846 999 2914 ἀπολωλόσιν
1021 2847 1119 2935 ἀρκε·

98 2951 225 3021 σθέντα
242 2957 446 3021 παύσασθαι.
482 2951 672 3039 ἀναβλέψας
690 2951 720 3019 δ’
742 2955 791 3032 είς
808 2956 867 3021 τὸν
885 2952 966 3042 ἀέρα
985 2954 1003 3022 ό
1022 2959 1117 3040 βασι-

97 3061 186 3144 λεύς,
203 3057 260 3126 καὶ
277 3060 486 3145 θεασάμενος
502 3061 563 3126 τὸν
580 3062 723 3144 ἄγγελον
742 3057 787 3127 δι’
807 3060 910 3127 αὐτοῦ
928 3063 1118 3146 φερόμενον

98 3165 153 3232 ἐπὶ
179 3169 220 3233 τά
243 3165 454 3253 Ἱεροσόλυμα
480 3163 536 3232 καὶ
562 3167 729 3253 μάχαιραν
757 3165 978 3252 ἐσπασμένον,
1005 3167 1114 3251 (328)
1197 3162 1199 3166 ’

98 3268 169 3339 εἷπε
192 3274 276 3359 πρὸς
297 3274 358 3338 τὸν
379 3273 464 3338 θεὸν
486 3272 531 3350 ὡς
554 3271 653 3350 αὐτὸς
676 3279 726 3356 εἴη
754 3273 882 3349 δίκαιος
908 3278 1117 3358 κολασθῆναι

56 3380 117 3446 εοὸ
140 3381 276 3464 ποιμῆν,
297 3379 338 3444 τά
362 3375 400 3444 δὲ
422 3380 560 3464 ποίμνια
579 3379 742 3459 σώζεσθαι
761 3373 865 3463 μηδὲν
884 3377 1117 3468 ἐξαμαρτόντα,

171 3507 186 3567 ς
205 3506 258 3554 ενι
277 3525 311 3545 =
330 3505 346 3553 ε
365 3499 435 3570 αις.
454 3498 546 3554 xx1v
560 3504 602 3554 ιε.
