2400 3840
511 144 662 196 ΕΒΔΟΜΗ
1028 144 1091 208 119

70 325 125 374 σαι
149 308 210 389 τήν
233 309 344 372 αἰτίαν
368 307 472 394 αὐτῷ,
499 305 638 383 εἰκάζειν
660 301 774 392 μέντοι
798 304 829 387 γ’
856 306 955 383 αὐτὸς
979 309 1091 390 έλεγεν

70 414 104 493 ἐξ
127 414 284 500 ἐρωτικῆς
307 414 411 490 οὕτως
435 416 523 497 ἔχειν
546 413 649 477 αὐτὸν
669 411 857 497 ἐπιθυμίας.
899 413 1010 496 <165>
1029 424 1090 480 τοῦ

69 520 103 586 δ’
121 520 288 606 Ἀμνῶνος
312 521 579 604 ὁμολογήσαντος
598 522 635 585 τὸ
653 519 773 602 πάθος,
798 521 848 584 ὅτι
866 528 925 603 τῆς
943 520 1091 606 ἀδελφῆς

67 627 129 715 ἐρᾷ
152 628 380 711 τυγχανούσης
403 627 619 712 ὁμοπατρίας,
646 626 728 692 ὁδὸν
750 627 839 715 αὐτῷ
860 624 917 691 καὶ
940 629 1091 711 μηχανήν

35 737 116 811 δείς
139 737 176 799 τὸ
195 732 429 818 περιγενέσθαι
448 743 516 799 τῶν
535 734 696 798 εὐκταίων
714 732 867 798 ὑπέθετο.
904 737 1008 799 νόσον
1027 737 1090 821 γάρ

65 842 313 925 ὑποκρίνασθαι
337 837 538 924 παρῄνεσεν,
566 838 710 904 ἐλθόντα
737 836 774 904 δέ
796 843 880 925 πρὸς
903 840 1007 906 αὐτὸν
1030 843 1090 906 τὸν

63 945 191 1031 πατέρα
214 944 340 1029 πέμψαι
359 946 421 1027 τήν
440 944 589 1029 ἀδελφήν
608 945 696 1032 αὐτῷ
716 941 1003 1031 διακονησομένην
1022 945 1090 1012 ε’κέ-

65 1060 165 1118 λευσε
183 1050 422 1137 παρακαλέσαι·
442 1049 511 1138 ῥᾴω
531 1052 593 1135 γάρ
613 1049 749 1116 ἔσεσθαι
767 1049 823 1115 καὶ
842 1051 965 1135 ταχέως
983 1053 1087 1119 ἀπαλ-

65 1160 272 1241 λαγήσεσθαι
289 1167 348 1242 τῆς
366 1160 470 1222 νόσου
488 1158 609 1222 τούτου
628 1156 820 1242 γενομένου.
858 1159 968 1241 <166>
987 1184 1086 1226 κατα-

20 1282 49 1320 10
63 1266 175 1330 πεσὼν
189 1259 251 1329 οὖν
266 1265 283 1330 ὁ
295 1262 425 1348 Ἀμνὼν
444 1262 496 1328 ἐπὶ
510 1263 571 1345 τῆν
588 1266 708 1346 κλίνην
724 1268 838 1329 νοσεῖν
852 1280 1086 1351 προσεποιεῖτο

62 1373 146 1436 κατά
173 1374 231 1446 τάς
252 1368 414 1435 Ἰωνάθου
442 1371 630 1453 ὑποθήκας,
657 1369 929 1456 παραγενομένου
959 1369 997 1436 δέ
1025 1382 1086 1437 τοῦ

61 1480 188 1564 πατρὸς
210 1475 265 1541 καὶ
285 1475 509 1560 σκεπτομένου
527 1486 597 1552 πῶς
620 1478 699 1560 ἔχοι,
723 1477 783 1560 τήν
803 1477 955 1561 ἀδελφήν
978 1476 1086 1544 ἐδεῖτο

61 1583 190 1668 πέμψαι
221 1585 304 1670 πρὸς
337 1583 452 1647 αὐτόν·
484 1581 503 1646 ὃ
532 1580 563 1645 δ’
594 1583 699 1659 εὐθὺς
729 1581 901 1649 ἐκέλευσεν
929 1583 1086 1669 ἀχθῆναι.

61 1691 189 1774 ἡκούσῃ
217 1685 254 1754 δὲ
280 1686 481 1774 προσέταξεν
511 1689 635 1774 ἀρτους
667 1688 756 1775 αὐτῷ
783 1698 919 1772 ποιῆσαι
948 1714 1087 1773 τηγανι-

21 1811 46 1851 15
63 1800 164 1872 στοὺς
187 1795 361 1882 αὐτουργῷ
383 1792 558 1879 γενομένῃ·
582 1797 823 1880 προσοίσεσθαι
847 1796 909 1880 γάρ
931 1797 1031 1878 ήδιον
1052 1796 1087 1862 ἐκ

62 1914 132 1968 τῶν
155 1901 283 1984 ἐκείνης
305 1913 434 1986 χειρῶν.
479 1900 589 1983 <167>
617 1900 637 1982 ῆ
661 1898 693 1964 δ’
720 1897 941 1984 ἐμβλέποντος
970 1903 1086 1968 τάδελ-

63 2018 132 2093 φοῦ
152 2009 329 2093 φυράσασα
348 2010 385 2072 τὸ
402 2008 549 2092 -άλευρον
566 2003 622 2071 καὶ
640 2006 793 2071 πλάσασα
809 2010 1011 2094 κολλυρίδας
1030 2009 1086 2074 καλ

65 2117 271 2199 τηγανίσασα
303 2114 528 2199 προσήνεγκεν
560 2112 657 2200 αὐτῷ.
708 2111 726 2176 ὃ
759 2109 797 2177 δὲ
827 2117 902 2179 τότε
933 2112 995 2199 μὲν
1026 2116 1087 2182 οὐκ

63 2220 236 2303 ἐγεύσατο,
268 2217 447 2305 προσέταξε
474 2215 511 2284 δέ
538 2229 609 2295 τοῖς
641 2216 784 2295 οἰκέταις
813 2222 1086 2307 παραιτήσασθαι

19 2343 46 2382 20
61 2327 188 2401 πάντας
209 2327 274 2411 πρὸ
298 2334 358 2390 τοῦ
382 2326 562 2409 δωματίου·
591 2327 775 2409 βούλεσθαι
803 2329 866 2414 γάρ
894 2327 1087 2396 ἀναπαύσα-

61 2439 144 2497 σθαι
167 2433 320 2518 θορύβου
347 2430 402 2496 καλ
424 2441 568 2518 ταραχῆς
597 2431 859 2517 ἀπηλλαγμένος.
908 2437 1017 2518 <168>
1042 2437 1087 2514 ὡς

60 2535 98 2604 δὲ
121 2540 159 2603 τὸ
182 2535 364 2603 κελευσθὲν
383 2536 523 2619 ἐγένετο,
546 2537 608 2620 τήν
627 2537 778 2622 ἀδελφήν
796 2538 936 2621 ἠξίωσεν
961 2544 1008 2618 είς
1025 2545 1086 2608 τὸν

60 2643 225 2729 ἐνδοτέρω
253 2639 346 2709 οἶκον
372 2645 410 2709 τὸ
435 2644 573 2708 δείπνου
601 2643 690 2731 αύτῷ
715 2657 941 2730 παρενεγκεῖν.
989 2668 1085 2730 ποιη-

61 2750 164 2832 σάσης
187 2747 225 2814 δέ
243 2760 340 2815 τοῦτο
359 2758 418 2832 τῆς
435 2751 546 2833 κόρης,
569 2751 753 2833 λαβόμενος
775 2751 878 2834 αὐτῆς
901 2757 1084 2818 συνελθεῖν

18 2872 44 2912 25
60 2855 151 2943 αὐτῷ
174 2860 307 2920 πείθειν
331 2854 492 2941 ἐπειρᾶτο.
538 2853 772 2941 ἀνακραγοῦσα
796 2854 827 2920 δ’
848 2857 868 2941 ῆ
888 2869 967 2934 παῖς
986 2857 1084 2924 ἀλλά

59 2961 103 3045 μή
120 2963 163 3026 σύ
177 2985 214 3043 γε
228 2970 327 3026 τοῦτο
342 2962 441 3046 βιάσῃ
459 2985 510 3046 με,
529 2959 607 3046 μηδ’
626 2961 800 3047 ἀσεβήσῃς’
816 2960 917 3047 εἶπεν,
938 2963 1084 3049 ἀδελφέ,

58 3071 138 3142 τοὺς
171 3069 295 3150 νόμους
327 3069 478 3152 παραβάς
514 3065 566 3132 καὶ
606 3068 699 3153 δεινῆ
736 3071 925 3155 περιβαλὼν
959 3073 1084 3137 σαυτὸν

58 3174 214 3257 αἰσχύνῃ·
243 3183 368 3239 παῦσαι
398 3171 428 3237 δ’
455 3173 561 3250 οὕτως
587 3173 705 3238 ἀδίκου
732 3173 788 3238 καὶ
816 3179 936 3261 μιαρᾶς
964 3177 1084 3244 ε’πιθυ-

59 3283 154 3363 μίας,
181 3277 214 3357 έξ
237 3273 276 3362 ής
299 3279 412 3363 ὀνείδη
435 3277 491 3344 καί
514 3279 712 3357 κακοδοξίαν
734 3281 754 3346 ὁ
778 3277 868 3358 οἶκος
891 3282 985 3367 ήμῶν
1008 3309 1082 3371 κερ-

15 3403 44 3444 so
59 3381 177 3450 δανεῖ.’
211 3385 321 3469 <169>
337 3384 559 3469 συνεβούλευέ
575 3409 610 3449 τε
628 3384 703 3471 περὶ
722 3388 844 3452 τούτου
861 3388 1083 3475 διαλεχθῆναι

136 3507 524 3576 §165=2Reg.X1114.
