2400 3840
511 127 662 178 εεΔοΜΗ
1030 127 1094 192 103

69 284 135 353 καὶ
157 289 285 372 μακρὸν
308 286 493 364 ἀνύσαντος
516 290 602 371 βίον,
626 288 827 370 γενήσεσθαι
849 290 909 352 τὸν
927 291 1011 354 ναὸν
1029 290 1094 355 ὑπὸ

75 401 138 457 τοῦ
165 393 285 470 παιδὸς
311 403 372 458 τοῦ
395 392 464 478 μετ’
491 395 594 459 αὐτὸν
621 394 682 476 τήν
704 397 877 478 βασιλείαν
903 400 1095 480 παραληψο-

78 497 193 583 μένου,
216 498 470 584 κληθησομένου
495 497 532 565 δὲ
550 505 763 584 Σολομῶνος,
787 495 827 564 οὗ
847 501 1096 585 προστήσεσθαι

73 604 131 669 καὶ
161 607 362 691 προνοήσειν
390 607 435 682 ὡς
461 605 568 690 πατήρ
601 607 678 671 υλοῦ
710 604 1004 689 κατεπηγγέλλετο,
1034 605 1096 688 τήν

45 709 138 795 ὁμὲν
161 715 334 795 βασιλείαν
357 711 482 778 τέκνων
506 712 656 796 ἐκγόνοις
678 711 836 796 φυλάξων
863 710 918 777 καὶ
941 713 1095 798 παραδώ-

74 834 160 900 σων,
188 818 291 883 αὐτὸν
320 815 357 883 δὲ
385 819 595 905 τιμωρήσων,
628 818 671 883 δν
699 818 854 904 ἁμαρτὼν
881 819 978 902 τάχη,
1005 821 1094 907 νόσφ

74 920 131 987 καὶ
150 932 210 1007 γής
229 923 367 1011 ἀφορίᾳ·
390 925 478 1007 <94>
493 926 613 1009 μαθὼν
627 933 730 990 ταῦτα
744 926 833 1010 παρδι
846 933 907 989 τοῦ
920 925 1095 1011 προφήτου

76 1030 244 1113 Δαυίδης,
272 1029 327 1095 καὶ
355 1031 534 1116 περιχαρής
560 1033 739 1116 γενόμενος
767 1028 820 1094 ε’πὶ
843 1040 888 1118 τῷ
911 1043 982 1107 τοῖς
1005 1030 1096 1113 ἐκγό-

73 1158 148 1211 νοις
171 1137 275 1201 αὐτοῦ
295 1136 356 1220 τήν
375 1137 481 1223 ἀρχὴν
500 1139 725 1220 διαμενοῦσαν
744 1135 923 1218 ἐγνωκέναι
944 1140 1096 1221 βεβαίως,

31 1259 58 1298 10
72 1239 130 1304 καὶ
149 1243 208 1307 τὸν
228 1236 321 1308 οἶκον
342 1243 444 1308 αὐτοῦ
463 1245 617 1328 λαμπρὸν
636 1241 794 1328 ἐσόμενον
812 1240 868 1307 καὶ
886 1245 1096 1328 περιβόητον,

76 1349 160 1432 πρὸς
186 1348 248 1430 τήν
275 1352 419 1433 κιβωτὸν
445 1352 677 1435 παραγίνεται,
710 1348 797 1431 <95>
821 1346 876 1413 καί
903 1349 1014 1413 πεσὼν
1042 1346 1095 1413 ἐπὶ

74 1457 257 1540 πρόσωπον
275 1453 396 1540 ήρξατο
414 1468 617 1541 προσκυνεῖν
635 1452 690 1519 καί
713 1452 789 1540 περὶ
811 1455 947 1520 πάντων
966 1454 1095 1539 εὐχαρι-

74 1572 166 1627 στεῖν
189 1571 241 1648 τῷ.
259 1549 344 1649 θεῷ,
374 1556 421 1627 ὧν
444 1561 473 1626 τ’
499 1562 588 1649 αὐτῷ
611 1559 817 1647 παρέσχηκεν
839 1561 903 1643 ήδη
927 1560 963 1626 ἐκ
985 1582 1095 1626 ταπει-
1162 1601 1163 1604 =

73 1676 138 1732 νοῦ
160 1665 216 1731 καὶ
239 1666 397 1751 ποιμένος
421 1669 468 1743 είς
492 1672 667 1750 τηλικοῦτο
695 1664 838 1749 μέγεθος
859 1665 1038 1750 ἡγεμονίας
1060 1690 1095 1731 τε

34 1791 59 1829 15
75 1771 131 1837 καὶ
146 1770 244 1855 δόξης
258 1772 447 1856 ἀναγαγών,
466 1768 514 1838 ὧν
532 1783 656 1848 τετοίς
675 1770 825 1853 ἐκγόνοις
843 1771 947 1836 αὐτοῦ
965 1779 1095 1837 καθυπ-

73 1879 198 1964 έσχετο,
222 1877 278 1944 καὶ
301 1888 360 1962 τῆς
382 1880 543 1964 προνοίας
564 1877 607 1960 ήυ
626 1875 790 1961 Ἑβραίων
808 1874 864 1941 καὶ
887 1886 945 1960 τῆς
967 1879 1096 1942 τούτων

74 1984 270 2071 ἐλευθερίας
307 1984 492 2066 ἐποιήσατο.
551 1980 644 2048 ταῦτ’
685 1983 788 2047 είπωυ
824 1980 880 2047 καὶ
916 1983 976 2047 τὸν
1011 1985 1095 2048 θεὸν

73 2092 225 2176 ὑμνήσας
247 2090 496 2156 ἀπαλλάττεται.

140 2198 228 2280 <96>
257 2197 421 2262 διαλιπὼν
449 2194 480 2260 δ’
511 2197 628 2279 ὀλίγον
655 2198 794 2283 χρόνον,
828 2197 912 2277 ἔγνω
941 2196 1013 2260 δεῖν
1041 2194 1129 2266 ἐπλ5

32 2321 60 2360 20
75 2307 155 2380 τοὺς
174 2305 422 2380 Παλαιστιυοὺς
445 2301 673 2388 ἐκστρατεύειν
691 2301 747 2368 καὶ
765 2299 870 2386 μηδὲν
889 2302 993 2387 ἀργὸν
1011 2300 1095 2387 μηδὲ

75 2409 234 2496 ῥᾴθυμον
253 2409 290 2475 ἐν
308 2421 379 2485 τοῖς
396 2408 565 2495 πράγμασι
583 2419 743 2496 περιορᾶν
761 2412 950 2494 γινόμενον,
969 2407 1027 2493 ἵν’,
1051 2410 1096 2487 ὡς

76 2518 114 2581 τὸ
137 2523 235 2581 θείου
263 2517 352 2605 αὐτῷ
380 2527 532 2601 προεῖπε,
559 2516 866 2601 καταστρεψάμενος
893 2518 972 2591 τοὺς
998 2521 1095 2581 πολε-

75 2625 173 2706 μίους
196 2621 232 2688 ἐν
256 2624 371 2707 εἰρήνη
393 2623 431 2686 τὸ
456 2621 575 2686 λοιπὸν
597 2623 676 2696 τοὺς
699 2618 856 2702 ἐκγόνους
879 2621 983 2685 αὐτοῦ
1001 2624 1095 2704 βασι-

76 2730 236 2806 λεύοντας
258 2731 459 2794 καταλείποι.
505 2725 592 2807 <9λ>
611 2722 666 2788 καὶ
685 2723 888 2807 συγκαλέσας
910 2725 1012 2789 πάλιν
1034 2724 1095 2807 τήν

34 2850 62 2891 25
78 2835 247 2920 στρατιάν,
269 2832 325 2899 καὶ
348 2834 571 2918 παραγγείλας
589 2830 672 2916 αὐτή
695 2831 779 2916 πρὸς
795 2832 942 2913 πόλεμον
961 2828 1096 2915 ἑτοίμην

76 2938 133 3005 καὶ
147 2937 460 3026 παρεσκευασμένην
473 2937 662 3022 τυγχάνειν,
681 2934 729 3002 δι’
746 2935 859 3015 ἔδοξεν
879 2937 967 3025 αὐτῷ
987 2942 1096 3013 καλῶς

78 3049 166 3131 ἔχειν
195 3048 236 3110 τὰ
263 3043 341 3130 παρ’
368 3045 483 3128 αὐτῆς,
513 3045 596 3129 ἀρας
617 3043 660 3108 ’ἐκ
686 3055 754 3109 τῶν
776 3042 1014 3130 Ἱεροσολύμων
1042 3041 1095 3108 ε’πὶ

77 3156 157 3228 τοὺς
179 3153 428 3228 Παλαιστινοὺς
450 3146 517 3234 ήκε.
563 3151 651 3233 <98>
673 3151 838 3236 κρατήσας
861 3148 892 3213 δ’
918 3149 1029 3214 αὐτῶν
1056 3159 1095 3234 τη

78 3259 176 3343 μάχη,
198 3258 326 3341 πολλήν
345 3267 403 3341 τής
425 3259 535 3343 χώρας
557 3255 801 3340 ἀποτεμόμενος
820 3253 876 3320 καὶ
895 3258 1096 3342 προσορίσας

32 3382 63 3422 80
78 3373 118 3448 τῇ
151 3375 218 3430 τῶν
247 3363 424 3450 Ἐβραίων,
458 3362 511 3430 ἐπὶ
540 3367 618 3440 τοὺς
645 3364 829 3447 Μωαβίτας
860 3364 919 3427 τὸν
950 3365 1096 3448 πόλεμον

151 3491 214 3550 §93
236 3512 269 3531 =
289 3484 521 3554 2Reg.V1112;
543 3483 825 3542 lParal.XVssn.
