2400 3840
496 166 643 217 AEKATH
1010 167 1076 233 327

60 320 341 407 ἐξαμαρτάνοντες
354 325 536 408 ἀπώλοντο,
554 334 670 409 μιᾶναι
688 323 725 391 δέ
742 325 872 393 καὶτὸν
884 329 968 393 ναὸν
988 326 1078 395 ἐτόλ-

59 444 146 512 μησε
167 438 227 494 τοῦ
250 437 335 495 θεοῦ
356 429 412 496 καὶ
434 431 497 513 τήν
518 434 617 497 πόλιν
638 430 694 496 καὶ
716 432 778 515 τήν
802 434 914 517 χώραν
936 435 1078 499 άπασαν.

60 534 151 618 <38>
174 535 237 601 άπὸ
261 538 323 622 γάρ
346 545 405 622 τῆς
428 539 476 615 είς
497 539 558 603 τὸν
574 540 659 604 θεὸν
675 540 953 625 καταφρονήσεως
969 540 1078 624 ὁρμώ-

60 663 162 724 μενος
179 641 305 720 πάντας
318 643 414 727 ὠμῶς
426 646 506 720 τούς
519 645 669 720 δικαίους
686 647 764 721 τοὺς
777 643 815 709 ἐν
828 657 898 721 τοῖς
912 643 1078 729 Ἑβραίοις

27 743 262 812 σάπέκτεινεν.
303 747 375 814 ἀλλ’
401 745 480 814 οὐδὲ
502 760 570 814 τῶν
587 760 769 834 προφητῶν
791 751 865 833 ἔσχε
883 750 999 833 φειδώ,
1021 749 1076 815 καὶ

59 853 191 916 τούτων
213 852 253 918 δέ
272 877 366 931 τινας
387 852 465 919 καθ’
488 852 616 940 ήμέραν
638 853 835 939 ἀπέσφαζεν,
858 856 941 920 ὥστε
964 857 1077 941 αἵματι

60 959 196 1043 ῥεῖσθαι
218 960 259 1024 τά
278 957 497 1045 Ἱεροσόλυμα.
542 960 639 1042 <39>
667 962 779 1045 λαβὼν
806 956 868 1027 οὖν
896 963 1000 1047 ὀργήν
1024 960 1078 1027 ἐπὶ

59 1065 192 1141 τούτοις
215 1063 234 1130 6
256 1066 337 1142 θεὸς
358 1062 478 1149 πέμπει
496 1066 669 1150 προφήτας
688 1069 772 1152 πρὸς
788 1069 848 1133 τὸν
866 1067 1003 1153 βασιλέα
1020 1066 1078 1133 καὶ

60 1171 145 1255 πρὸς
171 1172 208 1236 τὸ
235 1175 381 1254 πλῆθος,
410 1167 455 1236 δι’
486 1165 534 1236 ὧν
563 1170 677 1249 αὐτοῖς
705 1171 861 1256 ἠπείλησε
886 1176 946 1251 τάς
975 1175 1078 1252 αὐτάς

14 1292 46 1332 10
61 1277 237 1362 συμφοράς
259 1267 313 1354 αἷς
335 1276 458 1362 συνέβη
478 1288 667 1364 περιπεσεῖν
685 1281 763 1355 τοὺς
781 1278 948 1363 ἀδελφοὺς
966 1281 1078 1346 αὐτῶν

58 1380 262 1467 Ἰσραηλίτας
289 1385 337 1460 είς
363 1383 466 1450 αὐτὸν
497 1382 740 1470 ἐξυβρίσαντας.
786 1387 822 1449 οἳ
851 1381 888 1450 δὲ
918 1398 989 1462 τοῖς
1015 1383 1078 1470 μέν

61 1491 174 1569 λόγοις
196 1488 258 1553 ούκ
281 1488 469 1574 ἐπίστευον,
495 1489 573 1576 παρ’
599 1485 647 1557 ὧν
669 1490 836 1574 ἠδύναντο
858 1492 1016 1576 κερδῆσαι
1039 1495 1077 1558 τὸ

61 1594 204 1676 μηδενὸς
217 1601 419 1680 πειραθῆναι
432 1604 547 1678 κακοῦ,
564 1606 635 1672 τοις
648 1594 679 1660 δ
697 1598 807 1681 ἔργοις
821 1598 950 1681 ἔμαθον
965 1598 1076 1683 άληθῆ

61 1699 103 1762 τά
125 1700 213 1784 παρά
235 1711 304 1765 τῶν
325 1712 517 1831 προφητῶν.

16 1820 46 1860 1⁵
128 1804 216 1887 <40>
243 1805 288 1882 ῶς
318 1807 380 1890 γάρ
408 1818 478 1882 τοῖς
507 1805 621 1881 αὐτοῖς
647 1801 820 1889 ἐπέμενον,
848 1811 995 1892 πόλεμον
1023 1807 1073 1874 ἐπ’
1096 1827 1114 1874 2

60 1909 185 1986 αύτούς
208 1909 308 1976 ἐκίνει
330 1911 420 1996 παρά
441 1934 477 1976 τε
498 1918 559 1976 τοῦ
581 1921 649 1975 τῶν
667 1913 895 1994 Βαβυλωνίων
915 1911 972 1976 καὶ
990 1917 1078 1979 Χαλ-

61 2018 168 2082 δαίων
191 2014 362 2101 βασιλέως,
385 2017 422 2094 ὃς
445 2017 601 2102 στρατιάν
619 2014 799 2100 πέμψαςί
768 2039 784 2080 ε
799 2041 816 2093 ς
833 2016 895 2100 τήν
911 2016 1078 2084 Ἰουδαίαν

61 2123 124 2204 τήν
146 2145 182 2186 τε
202 2123 315 2208 χώραν
338 2120 546 2205 ἐλεηλάτησε,
569 2118 624 2187 καὶ
646 2123 707 2186 τὸν
729 2120 866 2206 βασιλέα
892 2126 1078 2208 Μανασσῆν

62 2228 151 2313 δόλφ
165 2226 338 2311 ληφθέντα
356 2224 411 2293 καὶ
429 2228 513 2313 πρὸς
530 2227 634 2293 αὐτὸν
652 2224 808 2312 ἀχθέντα,
826 2231 909 2314 πρὸς
926 2229 969 2313 ῆν
983 2229 1079 2314 ἐβού-

14 2350 46 2389 20
61 2339 137 2398 λετο
160 2336 321 2418 τιμωρίαν
344 2327 432 2417 εἶχεν
448 2332 651 2419 ὑποχείριον.
690 2333 779 2417 <41>
799 2335 817 2400 6
836 2331 874 2399 δὲ
891 2339 1079 2420 Μανασσῆς

60 2441 135 2504 τότε
162 2436 275 2515 συνεὶς
300 2436 339 2512 ἐν
366 2440 451 2517 οἵοις
476 2445 591 2517 κακοῖς
619 2439 702 2523 ἐστί,
729 2438 785 2506 καὶ
811 2442 947 2507 πάντων
969 2448 1079 2508 αίτιον

59 2543 183 2610 ἑαυτὸν
205 2547 363 2629 νομίζων,
387 2544 492 2611 ἐδεῖτο
514 2553 575 2608 τοῦ
598 2550 683 2609 θεοῦ
705 2558 888 2631 παρασχεῖν
910 2547 999 2634 αὐτῷ
1022 2571 1079 2631 φι-

59 2649 266 2735 λάνθρωπον
288 2649 344 2716 καὶ
368 2650 527 2734 ἐλεήμονα
553 2649 614 2713 τὸν
638 2647 808 2732 πολέμιον.
852 2654 1017 2736 χαρίζεται
1041 2647 1079 2716 δέ

59 2764 159 2820 τοῦτο
183 2765 242 2840 τῆς
264 2759 389 2833 ίιιεσίας
411 2754 595 2831 ἐπακούσας
622 2752 640 2819 6
662 2755 744 2830 θεὸς
765 2753 869 2843 αὐτῷ,
894 2754 951 2819 καὶ
976 2756 1081 2821 πάλιν

15 2879 45 2918 25
60 2863 110 2937 είς
136 2861 199 2945 τήν
221 2864 349 2928 οἰκείαν
372 2861 390 2928 6
412 2864 599 2942 Μανασσῆς
625 2855 809 2936 ἀπολυθεὶς
834 2859 900 2925 ὑπὸ
927 2869 988 2927 τοῦ
1010 2872 1079 2926 τῶν

60 2970 289 3050 Βαβυλωνίων
308 2965 468 3052 βασιλέως
486 2965 695 3042 ἀνασώζεται.
737 2964 824 3048 <42>
847 2968 1025 3050 γενόμενος
1044 2964 1076 3031 δ’

59 3075 109 3149 είς
136 3075 177 3138 τά
201 3071 411 3160 Ἱεροσόλυμα
443 3083 511 3136 τῶν
542 3067 603 3155 μὲν
634 3072 806 3156 πρότερων
837 3071 1079 3159 ἁμαρτημάτων

58 3175 136 3263 περὶ
159 3180 219 3246 τὸν
241 3182 327 3246 θεὸν
346 3177 401 3243 καὶ
419 3177 481 3260 τήν
498 3178 631 3261 μνήμην
649 3175 859 3261 ἐσπούδαζεν,
883 3179 914 3243 εί
931 3179 1081 3244 δυνατὸν

60 3283 151 3371 αὐτῷ
179 3283 324 3367 γένοιτο,
356 3292 415 3368 τῆς
440 3291 549 3367 ψυχῆς
576 3280 743 3366 ἐκβαλεῖν,
773 3277 820 3349 ὧν
850 3283 1081 3368 ἐπιβουλεύειν

14 3408 45 3448 so
60 3389 194 3474 ὥρμησε
220 3386 275 3456 καὶ
301 3389 390 3474 πάση
419 3393 565 3472 χρῆσθαι
591 3382 667 3470 περὶ
696 3386 799 3454 αὐτὸν
826 3389 1082 3479 δεισιδαιμονία.

135 3507 495 3578 §38-4Reg.XX116.
569 3506 1014 3572 §40=2Para1.xxxum.
