2400 3840
104 124 168 189 106
467 129 745 185 Ipmvomn

98 283 300 374 Ἀδράζαρον
328 287 471 356 ἐπύθετο
494 288 550 356 καὶ
577 291 639 375 τήν
662 291 807 375 δύναμιν
830 290 934 355 αὐτοῦ
958 290 1126 376 διεφθαρ-

103 392 208 478 μένην
225 395 357 480 ήκουσε,
376 397 489 475 δείσας
506 395 583 484 περὶ
602 398 702 484 αὐτῷ,
721 394 777 462 καὶ
795 398 856 461 τὸν
868 396 1025 477 Δαυίδην
1043 395 1126 482 πρὶν

103 498 154 566 ἐπ’
180 501 283 568 αὐτὸν
310 505 406 569 ἔλθοι
435 507 532 591 φιλίᾳ
558 501 613 570 καὶ
640 506 749 569 πίστει
777 506 880 586 γνοὺς
908 501 1127 586 ἐνδήσασθαι,

102 605 223 691 πέμπει
248 610 332 694 πρὸς
364 609 468 675 αὐτὸν
492 608 686 696 Ἀδώραμον
718 612 778 676 τὸν
805 610 883 674 υίὸυ
914 609 1034 692 αὐτοῦ,
1068 608 1126 675 καὶ

102 711 179 799 περὶ
201 723 262 779 τοῦ
283 716 344 780 τὸν
364 712 565 802 Ἀδράζαρον
588 715 715 802 ἐχθρὸν
737 713 807 782 ὄντ’
830 708 919 803 αὐτῷ
940 721 1153 799 πολεμήσαι5

101 819 201 906 χάριν
224 822 312 904 ἔχειν
334 820 519 906 ὁμολογῶν,
541 820 598 888 καὶ
621 825 813 906 συμμαχίαν
836 824 920 907 πρὸς
943 822 1047 886 αὐτὸν
1069 820 1127 886 καὶ

102 930 221 1009 φιλίαν
243 926 452 1010 ποιούμενος.
499 928 610 1012 <108>
634 930 757 1012 έπεμψε
782 925 815 992 δ’
837 927 926 1014 αὐτῷ
947 925 1002 991 καὶ
1023 928 1127 1013 δῶρα,

102 1033 202 1115 σκεύη
224 1039 284 1115 τῆς
306 1031 445 1118 ἀρχαίας
466 1042 680 1118 κατασκευῆς,
703 1031 816 1120 ’χρυσοῖ
839 1031 894 1097 καὶ
917 1033 1046 1119 ἀργυρᾶ
1069 1032 1127 1098 καὶ

101 1143 214 1223 χαλκᾶ.
259 1141 412 1223 Δαυίδης
435 1136 473 1204 δὲ
494 1141 717 1226 ποιησάμενος
743 1140 806 1223 τήν
830 1143 1019 1224 συμμαχίαν
1042 1142 1128 1225 πρὸς

100 1245 160 1310 τὸν
195 1247 322 1310 Θαῖνον
354 1235 471 1332 (τοῦτο
509 1247 572 1333 γάρ
608 1241 652 1330 ήν
684 1248 791 1330 ὄνομα
823 1255 869 1332 τῷ
904 1249 1036 1329 βασιλεῖ
1066 1255 1126 1329 τῆς
1141 1265 1167 1304 10

98 1348 259 1436 Ἀμάθης)
282 1349 338 1417 καὶ
360 1353 401 1419 τά
424 1354 517 1440 δῶρα
540 1351 717 1438 δεξάμενος
747 1350 912 1419 ἀπέλυσεν
936 1353 1041 1418 αὐτοῦ
1065 1355 1126 1418 τὸν

23 1531 26 1535 ,
101 1459 180 1523 υίδν
197 1459 279 1543 μετὰ
296 1468 393 1544 τιμῆς
410 1468 469 1543 της
486 1461 677 1546 πρεπούσης
700 1457 876 1546 ἑκατέροις.
925 1460 966 1523 τά
989 1456 1027 1524 δέ
1045 1479 1127 1542 πεμ-

102 1561 223 1647 φθέντ’
248 1562 305 1630 ὑπ’
326 1565 430 1630 αὐτοῦ
458 1563 514 1630 καὶ
537 1568 598 1632 τὸν
620 1567 724 1631 ἀλλον
747 1568 873 1651 χρυσὸν
891 1563 947 1629 καὶ
966 1566 1127 1652 ἄργυρον,

102 1668 144 1735 δν
176 1669 212 1735 έκ
242 1680 311 1737 τῶν
346 1674 476 1737 πόλεων
508 1672 639 1756 εἰλήφει
675 1670 731 1738 καὶ
768 1682 835 1736 τῶν
876 1671 1127 1756 κεχειρωμένων

102 1774 230 1862 ἐθνῶν,
258 1774 373 1864 φέρων
399 1777 579 1862 ἀνατίθησι
605 1787 652 1866 τῷ
681 1780 760 1866 θεῷ.
807 1777 917 1861 <109>
947 1778 1008 1842 οὐκ
1036 1778 1127 1865 αὐτῷ
1143 1794 1168 1835 1⁵

103 1881 141 1950 δὲ
167 1890 368 1970 πολεμοῦντι
394 1887 500 1970 μόνον
526 1883 582 1950 καὶ
608 1893 668 1969 τῆς
700 1893 855 1971 στρατιᾶς
884 1882 1059 1971 ἡγουμένῳ
1087 1885 1126 1948 τὸ

100 2000 200 2056 νικᾶν
213 1989 268 2057 καὶ
286 1997 478 2077 κατορθοῦν
491 2000 648 2078 παρεῖχεν
665 1991 683 2057 ὁ
700 1993 791 2074 θεός,
809 1990 892 2055 ἀλλά
905 1987 960 2054 καὶ
973 1988 1127 2073 πέμψαν-

60 2156 62 2160 .
101 2118 159 2172 τος
177 2097 282 2162 αὐτοῦ
300 2098 381 2181 μετά
399 2097 572 2180 δυνάμεως
590 2099 639 2174 είς
654 2097 717 2180 τήν
728 2094 920 2180 Ἰδουμαίαν
932 2094 1126 2179 Ἀβεσσαῖον

101 2202 162 2266 τὸν
182 2198 319 2286 Ἰωάβου
346 2209 407 2266 τοῦ
434 2199 698 2288 ἀρχιστρατήγου
727 2202 889 2286 ἀδελφόν,
919 2199 964 2265 δι’
996 2200 1126 2266 ἐκείνου

102 2307 164 2389 τήν
185 2316 253 2371 τῶν
273 2303 469 2390 Ἰδουμαίων
490 2309 589 2390 νίκην
613 2308 729 2373 ἔδωκε·
761 2311 903 2391 μυρίους
927 2309 989 2393 γάρ
1014 2308 1126 2372 αὐτῶν
1141 2326 1168 2366 2⁰

100 2410 157 2478 καὶ
181 2411 444 2495 ὀκτακισχιλίους
464 2408 654 2495 Ἀβεσσαῖος
676 2411 851 2499 διέφθειρε
873 2423 913 2498 τῇ
937 2414 1033 2498 μάχη.
1070 2412 1126 2479 καὶ

101 2518 165 2602 τήν
184 2515 375 2602 Ἰδουμαίαν
398 2518 531 2584 ἀπασαν
549 2532 715 2607 φρουραῖς
735 2520 904 2604 διαλαβὼν
928 2520 945 2585 ὁ
970 2523 1127 2603 βασιλεὺς

104 2627 232 2712 φόρους
253 2623 338 2712 ὑπέρ
365 2648 401 2692 τε
428 2634 486 2710 τῆς
512 2626 622 2714 χώρας
649 2625 704 2693 καὶ
734 2636 793 2712 τῆς
815 2625 955 2692 ἑκάστου
979 2631 1127 2710 κεφαλῆς

103 2730 181 2817 παρ’
212 2732 323 2799 αὐτῶν
351 2731 489 2818 ἐδέχετο.
539 2733 649 2819 <110>
677 2730 720 2818 ήν
754 2731 791 2799 δὲ
822 2731 878 2798 καὶ
909 2733 1037 2808 δίκαιος
1064 2733 1127 2815 τήν

104 2840 209 2922 φύσιν
240 2836 296 2903 καὶ
327 2840 386 2915 τδις
417 2843 542 2926 κρίσεις
573 2842 657 2927 πρὸς
688 2840 751 2922 τήν
783 2838 947 2920 ἀλήθειαν
986 2838 1166 2924 ἀφορῶντι

105 2942 257 3009 ἐποιεῖτο.
304 2947 489 3028 στρατηγὸν
513 2944 544 3011 δ’
566 2945 694 3027 ἀπάσης
717 2941 783 3029 εἶχε
806 2953 865 3027 τῆς
888 2953 1043 3029 στρατιᾶς
1065 2946 1125 3010 τὸν

102 3047 252 3135 Ἰώαβον,
284 3047 338 3114 ἐπὶ
370 3047 408 3115 δὲ
439 3062 508 3116 τῶν
538 3047 785 3136 ὑπομνημάτων
810 3049 1014 3134 Ἰωσάφατον
1046 3052 1125 3117 υίὸν

100 3154 233 3241 Ἀχίλου
249 3154 461 3239 κατέστησεν·
484 3154 634 3235 ἀπέδειξε
653 3155 684 3222 δ’
702 3156 738 3223 ἐκ
757 3167 815 3242 της
835 3155 998 3223 Φινεέσου
1017 3159 1126 3235 οίκίας

103 3265 163 3327 τὸν
182 3263 346 3328 Σάδωκον
369 3261 523 3349 ἀρχιερέα
541 3260 611 3347 μετ’
634 3261 839 3351 Ἀβιαθάρου
858 3261 971 3351 (φίλος
995 3265 1058 3351 γάρ
1081 3258 1125 3348 ήν

177 3406 258 3465 §10⁷
279 3428 312 3448 ιι
333 3408 347 3456 1
367 3400 458 3457 Paral.
478 3400 738 3472 xvfflffimeg.
758 3403 824 3458 VIII
837 3413 863 3460 9.
987 3409 1068 3469 §109
1090 3429 1124 3450 ==

106 3494 120 3543 1
135 3487 227 3544 Paral.
246 3488 340 3544 XVIII
355 3495 401 3555 12;
421 3489 521 3559 Πίος.
536 3489 603 3544 VIII
619 3496 660 3546 13.
