2400 3840
534 127 633 176 EKTH
1050 124 1092 188 57

70 283 282 368 Ἀχιμέλεχον
305 282 360 348 καὶ
382 284 444 366 τῆν
467 285 586 365 γενεὰν
603 284 720 350 αὐτοῦ·
744 280 829 368 ἦσαν
852 281 889 350 δέ
907 285 1027 362 πάντες
1050 286 1095 362 ὡς

73 389 175 456 πέντε
201 386 257 456 καλ
284 393 476 475 τριακόσιοι.
520 388 651 475 πέμψας
678 389 709 456 δ’
740 391 757 456 6
784 391 938 466 Σάουλος
963 390 1018 456 καλ
1047 394 1095 468 είς

74 497 138 579 τὴν
151 498 252 562 πόλιν
265 507 332 561 τῶν
351 495 468 582 ίερέων
483 500 604 581 Ναβάν
619 497 745 574 πάντας
762 495 791 562 τ’
808 497 930 573 αὐτοὺς
948 494 1094 562 ἀπέκτει-

74 625 146 686 νεν,
170 602 212 667 οὐ
230 614 409 686 γυναικῶν,
433 602 474 669 οὐ
496 607 626 685 νηπίων
648 601 722 670 οὐδ’
747 605 849 687 ἀλλης
870 602 999 685 ἡλικίας
1022 627 1094 687 φει·

47 708 231 792 εσάμενος,
249 707 354 791 αὐτῆν
371 707 400 774 τ’
419 708 586 795 ἐνέπρησε.
622 711 732 794 <261>
748 710 939 787 διασώζεται
962 705 998 773 δέ
1017 721 1095 785 παῖς

76 805 126 891 εἷς
138 811 346 899 Ἀχιμελέχου
358 813 557 901 Ἀβιάθαρος
571 819 684 900 ὄνομα.
717 824 820 880 ταῦτα
836 813 950 899 μέντοι
964 839 1001 897 γε
1016 831 1094 880 συν-

76 919 137 1005 έβη
156 921 270 998 καθὼς
287 924 541 1007 προυφῆτευσεν
560 923 577 988 ό
595 925 676 999 θεὸς
693 931 739 1011 τῷ
758 921 904 1007 ἀρχιερεῖ
918 919 1020 1003 Ἠλεί,
1040 922 1095 985 διά

75 1028 137 1104 τὰς
154 1039 221 1092 τῶν
239 1029 325 1094 υἱῶν
343 1027 446 1094 αὐτοῦ
462 1026 548 1115 [δύο]
564 1032 772 1114 παρανομίας
786 1029 888 1095 είπῶν
906 1028 1096 1112 διαφθαρῆ-
1181 1057 1196 1080 0

77 1140 199 1199 σεσθαι
222 1137 301 1212 τοὺς
324 1133 490 1217 ἐκγόνους.

36 1257 64 1297 1⁰
145 1240 254 1322 (262)
278 1241 432 1317 Σάουλος
460 1238 491 1305 δ’
522 1241 539 1306 6
563 1244 719 1325 βασιλεὺς
746 1241 838 1324 ὠμὸν
865 1240 970 1317 οὕτως
997 1243 1130 1325 ἐργοντ

77 1344 343 1432 διαπραξάμενος
355 1345 411 1411 καὶ
426 1348 544 1429 γενεάν
558 1347 640 1430 ὅλην
658 1347 886 1432 ἀρχιερατικῆς
904 1345 1096 1430 ἀποσφάξας

76 1461 190 1536 τιμῆς,
222 1450 276 1517 καὶ
306 1449 383 1536 μῆν’
414 1451 466 1517 ἐπὶ
499 1456 631 1535 νηπίοις
658 1453 770 1538 λαβὼν
798 1448 910 1518 οἶκτον
938 1449 1011 1535 μήτ’
1043 1449 1095 1515 ἐπὶ

77 1557 238 1644 γέρουσιν
266 1559 365 1641 αίδῶ,
392 1559 587 1643 καταβαλὼν
616 1555 652 1623 δέ
679 1557 734 1623 καὶ
762 1559 824 1641 τῆν
850 1561 949 1623 πόλιν
971 1557 1013 1640 ἣν
1035 1580 1096 1622 πα-

77 1666 177 1748 τρίδα
199 1662 254 1729 καὶ
278 1666 405 1750 τροφὸν
428 1677 495 1730 τῶν
520 1664 636 1750 λερέων
663 1663 718 1729 καὶ
741 1676 923 1750 προφητῶν
950 1663 1030 1729 αὐτὸ
1058 1666 1095 1729 τὸ

37 1791 64 1832 ιε
78 1777 178 1835 θεῖον
201 1768 372 1848 ἐπελέξατο
393 1769 448 1835 καλ
467 1773 574 1854 μόνην
593 1773 640 1847 είς
658 1773 695 1836 τὸ
714 1771 886 1847 τοιούτους
904 1768 1021 1854 φέρειν
1039 1771 1097 1833 άν-

79 1877 163 1961 δρας
188 1874 352 1959 ἀπέδειξε,
380 1883 503 1961 μαθεῖν
531 1877 632 1941 ἀπασι
654 1874 796 1960 παρέσχε
818 1874 873 1939 καὶ
895 1884 1097 1956 κατανοῆσαι

78 1985 140 2049 τὸν
168 1982 385 2068 ἀνθρώπινον
411 1985 550 2068 τρόπον,
583 1982 693 2065 <263>
720 1981 770 2047 ότι
799 1979 894 2065 μέχρι
924 1978 984 2064 μέν
1012 1982 1097 2045 εἰσιν

79 2090 216 2154 ἰδιῶταί
233 2112 323 2165 τινες
346 2086 401 2154 καὶ
424 2091 588 2171 ταπεινοί,
616 2097 661 2175 τῶ
689 2088 732 2172 μῆ
756 2088 924 2152 δύνασθαι
951 2093 1097 2170 χρῆσθαι

79 2204 119 2280 τῆ
144 2197 244 2279 φύσει
267 2192 350 2280 μηδὲ
368 2201 494 2280 τολμᾶν
513 2195 574 2260 ὅσα
591 2192 763 2277 θέλουσιν,
787 2192 939 2271 ἐπιεικεῖς
960 2191 1023 2259 εἰσὶ
1042 2192 1097 2258 καὶ

36 2322 65 2362 νο
79 2298 210 2387 μέτριοι
232 2299 288 2366 καὶ
311 2304 416 2386 μόνον
440 2303 598 2366 διώκουσι
621 2303 658 2366 τὸ
678 2302 809 2366 δίκαιον
831 2299 885 2366 καὶ
908 2302 991 2386 πρὸς
1009 2300 1097 2387 αὐτῷ

77 2408 143 2490 τὴν
166 2415 276 2473 πᾶσαν
300 2411 436 2473 ἔννοιαν
458 2406 512 2472 καὶ
536 2407 687 2491 σπουδὴν
711 2410 832 2492 έχουσι.
877 2410 950 2472 τότε
978 2404 1015 2472 δὲ
1042 2404 1097 2470 καὶ

77 2511 157 2599 περὶ
179 2523 240 2578 τοῦ
258 2518 356 2580 θείου
378 2515 634 2580 πεπιστεύκασιν
652 2515 702 2579 ὅτι
721 2524 800 2580 πᾶσι
819 2526 889 2590 τοῖς
910 2512 1099 2596 γινομένοις

79 2619 119 2685 ἐν
137 2629 182 2707 τῷ
201 2624 263 2708 βίῳ
283 2620 429 2706 πάρεστι,
447 2619 502 2685 καὶ
520 2619 561 2685 οὐ
579 2615 684 2705 τάργα
702 2622 807 2703 μόνον
821 2619 882 2705 ὁρᾷ
901 2620 940 2683 τά
959 2620 1098 2701 πραττό-

78 2749 176 2811 μενα,
199 2725 282 2791 ἀλλά
304 2724 360 2792 καὶ
383 2728 441 2804 τὰς
464 2728 615 2803 διανοίας
637 2726 700 2807 ῆδη
724 2733 840 2808 σαφῶς
860 2718 951 2788 οἶδεν
970 2721 1028 2805 ἀφ’
1050 2718 1098 2787 ῶν

35 2855 62 2892 25
77 2830 193 2918 μέλλει
225 2829 317 2896 ταῦτ’
348 2834 493 2897 ἔσεσθαι.
538 2831 655 2914 <264>
689 2831 768 2895 ὅταν
800 2826 831 2893 δ’
866 2823 915 2906 εἰς’
946 2826 1098 2905 ἐξουσίαν

75 2937 275 3024 παρέλθωσι
296 2937 353 3004 καὶ
371 2940 583 3021 δυναστείαν,
605 2940 679 3003 τότε
699 2933 795 3003 πάντ’
817 2934 926 3001 ἐκεῖνα
944 2936 1098 3019 μετεκδυ-

76 3044 230 3128 σάμενοι,
252 3042 308 3110 καὶ
328 3047 436 3129 ῶσπερ
461 3041 514 3108 ε’πὶ
533 3053 656 3127 σκηνῆς
678 3055 868 3128 προσωπεῖα
891 3043 931 3107 τά
951 3042 1020 3124 ῆθη
1043 3038 1098 3104 καὶ

76 3154 160 3228 τοὺς
173 3154 318 3236 τρόπους
332 3148 546 3234 ἀποθέμενοι,
564 3150 851 3234 μεταλαμβάνουσι
866 3150 1000 3231 τόλμαν,
1020 3145 1099 3211 ἀπό-

74 3281 190 3339 νοιαν,
207 3259 457 3342 καταφρόνησιν
475 3256 701 3340 ἀνθρωπίνων
722 3278 757 3320 τε
775 3254 830 3319 καὶ
847 3261 965 3319 θείων·
990 3254 1099 3336 <265>

31 3385 60 3425 εν
75 3363 135 3431 καὶ
161 3364 215 3429 ότε
238 3362 379 3448 μάλιστα
403 3364 456 3427 δεῖ
476 3371 534 3444 τῆς
557 3360 725 3446 εὐσεβείας
752 3361 866 3436 αὐτοῖς
889 3358 944 3424 καὶ
969 3369 1027 3442 τῆς
1050 3361 1099 3424 δι-

153 3491 235 3551 ςκοι
257 3511 291 3529 =
312 3483 410 3553 ειυς.
429 3483 507 3537 XXII
522 3489 564 3536 ιο.
