2400 3840
507 155 632 221 οΓΔοΗ
1010 167 1076 232 245

10 343 18 382 ί
60 329 169 411 <3ὑ4>
188 328 206 394 ὁ
226 326 257 392 θ’
278 325 462 406 Ἐλισσαῖος
481 326 608 405 εὐθέος
625 328 849 414 προφητεύειν
866 326 999 414 ήρξατο,
1021 327 1077 394 καὶ

10 455 11 484 ³
59 435 251 500 καταλιπὼν
277 437 355 512 τοὺς
377 438 459 519 βοῦς
481 434 711 518 ἠκολούθησεν
731 432 836 521 Ἠλία.
882 432 1017 518 δεηθεὶς
1040 432 1077 499 δέ

60 550 273 626 συγχωρήσαι
304 539 393 629 αὐτῷ
422 543 501 617 τοὺς
527 551 639 624 γονεῖς
665 540 893 625 ἀσπάσασθαι,
924 541 1077 607 κελεύον-

58 671 117 724 τος
139 656 238 713 τούτο
261 656 381 731 ποιεῖν,
404 645 649 733 ἀποταξάμενος
671 646 785 725 αὐτοῖς
808 649 932 732 εἵπετο,
957 644 1012 713 καὶ
1035 641 1078 730 ήν

23 751 176 818 εἨλίου
203 755 263 819 τὸν
290 754 418 819 ἅπαντα
444 756 569 840 χρόνον
595 763 656 820 τοῦ
684 757 743 839 ζήν
768 752 824 820 καὶ
849 754 1000 839 μαθητής
1021 750 1078 818 καὶ

59 860 227 938 διάκονος.

127 966 237 1050 <355>
264 963 320 1032 καὶ
342 968 383 1032 τά
406 963 467 1052 μὲν
489 965 565 1053 περὶ
587 976 648 1034 τοῦ
670 970 844 1055 προφήτου
866 968 988 1033 τούτου
1011 989 1112 1040 τοι-ς

56 1080 144 1137 αὕτα
167 1066 220 1156 ἦν,
243 1071 428 1157 Νάβουθος
451 1072 491 1138 ὑί
506 1096 556 1150 τις
574 1067 617 1157 ἦν
636 1071 672 1138 έκ
689 1077 816 1152 πόλεως
836 1073 961 1162 Ἰζάρου
979 1075 1078 1162 άγρο-

56 1180 180 1261 γείτων
198 1177 247 1243 ὢν
264 1186 325 1244 τοῦ
343 1176 513 1263 βασιλέως.
542 1185 815 1265 παρακαλοῦντος
834 1178 865 1246 θ’
882 1181 985 1247 αὑτὸν
998 1168 1078 1248 άτιο-Ι

10 1307 38 1347 ιο
58 1287 184 1350 θέσθαι
210 1292 308 1368 τιμής
335 1284 415 1368 ὅσης
441 1285 597 1369 βούλεται
623 1288 683 1351 τὸν
709 1290 852 1370 πλησίον
878 1287 983 1353 αὑτοῦ
1010 1270 1079 1354 τῶν
1108 1335 1110 1338 <

59 1392 159 1456 ἰδίαν
186 1391 304 1478 άγρύν,
331 1392 388 1457 ἵνα
416 1391 567 1472 συνάψας
591 1393 630 1458 ἓν
652 1391 734 1458 αὐτὸ
756 1395 878 1478 ποιήση
899 1402 1021 1479 κτήμα,
1049 1396 1080 1460 εί

59 1493 101 1562 δὲ
123 1498 167 1582 μή
189 1499 346 1584 βούλοιτο
368 1499 518 1585 χρήματα
539 1502 671 1583 λαβεῖν,
697 1497 929 1586 ἐπιτρέποντος
952 1498 1080 1579 έκλέξα-

56 1610 144 1668 σθαι
166 1614 234 1670 τῶν
256 1604 371 1691 ἀγρῶν
392 1606 468 1670 τινὰ
489 1615 558 1671 τῶν
577 1603 718 1690 ἐκείνου,
739 1615 838 1672 τοῦτο
857 1602 919 1691 μέν
937 1607 978 1672 ού
996 1621 1079 1692 φησι

54 1710 227 1794 ποιήσειν,
260 1709 360 1788 αὐτὸς
391 1706 429 1775 δὲ
459 1710 521 1793 τήν
553 1712 644 1776 ίὺίαν
675 1713 910 1811 καρπώσεσθαι
941 1722 1080 1797 γήνν
1038 1714 1080 1796 ήν

10 1839 37 1879 ιε
56 1814 304 1920 ἐκληρονόμησε
326 1825 387 1882 τοῦ
409 1818 541 1902 πατρός.
583 1816 693 1901 <356>
715 1815 972 1907 λυπηθελςθ’
955 1843 1000 1895 υς
1023 1817 1076 1903 ἐφ’

53 1901 155 2008 ὕβρει
182 1931 228 2011 τῷ
256 1924 300 2008 μὴ
327 1921 504 2009 τάλλότρια
530 1926 647 2007 λαβεῖν
675 1922 693 1988 ὁ
722 1925 878 2007 βασιλεὺς
902 1923 979 1988 ούτε
1002 1929 1079 1990 λου-

57 2030 143 2115 τρὸν
165 2027 413 2116 προσηνέγκατο
432 2029 509 2095 ούτε
527 2031 666 2116 τροφήν.
698 2027 806 2114 τήςθ’
825 2027 884 2109 Ἰεζ
867 2028 1003 2114 ζαβέλης
1021 2039 1080 2114 τῆς

55 2137 219 2219 γυναικὸς
241 2136 345 2201 αὐτοῦ
367 2133 627 2220 πυνθανομένης
650 2135 668 2201 ὑ
690 2159 723 2201 τι
746 2142 898 2202 λυπεῖται
920 2133 978 2207 καὶ,
998 2138 1078 2221 μήτε

55 2242 193 2308 λούεται
216 2240 291 2327 μήτ’
312 2243 450 2328 άριστον
472 2242 561 2331 αὑτῷ
584 2246 803 2329 παρατίθεται
826 2244 907 2328 μήτε
930 2244 1078 2328 δεῖπνον,

10 2372 40 2412 εο
56 2349 241 2431 διηγήσατο
264 2348 346 2434 αὐτή
364 2349 427 2432 τήν
446 2350 635 2434 Ναβούθου
653 2352 841 2435 σκαιότητα,
863 2347 918 2415 καὶ
938 2351 983 2428 ὡς
1000 2374 1079 2436 χρη-

56 2453 202 2539 σάμενος
225 2453 381 2520 ἐπιεικέσι
403 2455 487 2540 πρὸς
509 2454 613 2520 αὐτὸν
633 2459 746 2539 λύγοις
762 2454 818 2522 καὶ
837 2460 1011 2541 βασιλικῆς
1029 2454 1078 2535 έξ-

56 2562 177 2638 ουσίας
202 2559 454 2648 ὑποδεεστέροις
479 2561 672 2646 ὑβρισθείη,
700 2560 744 2645 μή
769 2563 880 2645 τυχὼν
902 2555 950 2626 ὧν
972 2560 1079 2644 ήξίου.

55 2666 169 2751 <357>
202 2666 222 2749 ή
255 2664 293 2733 δὲ
325 2667 368 2753 μή
401 2676 620 2752 μικροψυχεῖν
651 2662 705 2730 ἐπὶ
731 2667 863 2742 τούτοις
889 2666 1084 2752 παρεκάλει,

55 2773 273 2859 παυσάμενον
301 2769 338 2839 δέ
364 2781 423 2857 νής
446 2773 552 2856 λύπης
574 2768 627 2836 ἐπὶ
648 2771 711 2854 τήν
726 2773 867 2863 Ισυνήθη
889 2770 1076 2858 τραπέσθαι

13 2901 40 2940 εε
55 2888 120 2945 τοῦ
148 2882 298 2965 σώματος
324 2883 500 2967 πρόνοιαν·
530 2879 687 2963 μελήσειν
713 2879 776 2964 γάρ
804 2877 887 2965 αὐτῇ
914 2875 991 2965 περὶ
1017 2888 1077 2964 τής

56 2988 248 3071 Ναβούθου
279 2989 447 3074 τιμωρίας.
498 2984 608 3071 <358>
640 2981 696 3050 καὶ
727 2993 925 3071 παραχρῆμα
956 2983 1076 3069 πέμπει

40 3092 233 3179 γράμματα
256 3094 339 3178 πρὸς
360 3093 439 3168 τοὺς
460 3088 682 3178 ὑπερέχοντας
703 3101 771 3156 τῶν
790 3088 1020 3178 Ἱεσραηλιτῶν
1041 3089 1080 3156 έκ

56 3207 119 3264 τοῦ
149 3196 291 3282 Ἀχάβου
323 3199 501 3282 ὀνόματος,
533 3195 715 3280 νηστεῦσαί
741 3219 777 3262 τε
807 3197 989 3263 κελεύουσα
1019 3195 1077 3262 καὶ

56 3302 303 3389 ποιησαμένους
335 3302 510 3388 ἐκκλησίαν
541 3305 745 3391 προκαθίσαι
777 3299 838 3388 μὲν
865 3303 978 3369 αὐτῶν
1004 3303 1076 3369 Νά-

18 3427 42 3468 ³⁰
56 3416 190 3497 βουθον
222 3404 322 3495 (εἶναι
354 3412 417 3498 γάρ
450 3410 553 3476 αὑτὸν
580 3407 700 3492 γένους
727 3407 940 3498 ἐπιφανοῦς),
970 3433 1079 3498 παρα--

130 3536 267 3597 §354=
286 3531 386 3602 3Reg.
401 3531 466 3586 XIX
481 3537 523 3587 20.
