2400 3840
103 123 150 187 90
260 178 264 185 ,
475 122 749 176 ΑΡΧΑΙΟΔΟΓῙΑΣ

101 282 298 370 Ἀβέννηρος
326 281 383 350 καί
414 286 532 371 μικρὸν
564 286 754 370 ἔμπροσθεν
785 281 1035 368 ἀπηλλαγμένος
1068 282 1122 350 ἐπὶ

103 391 291 473 συνθήκαις
320 387 377 455 καὶ
407 390 599 475 ὁμολογίαις
625 399 684 475 τῆς
710 389 902 474 ἡγεμονίας,
935 391 1046 466 δείσας
1077 391 1121 475 μὴ

102 498 164 562 τὸν
186 492 247 581 μὲν
271 495 308 585 ἐν
329 505 406 583 τιμῇ
425 495 480 562 καὶ
498 505 537 582 τῇ
555 497 669 582 πρώτη
686 498 861 578 ποιήσηται
882 494 980 579 τάξει,
1004 512 1123 582 συνερ-

104 606 167 686 γόν
188 624 224 668 τε
246 612 305 686 τῆς
327 606 497 687 βασιλείας
520 601 679 688 ἐσόμενον
700 601 756 667 καὶ
778 597 881 668 τᾶλλα
904 604 1017 668 δεινὸν
1039 605 1122 668 όντα

104 710 257 774 συνιδεῖν
278 708 453 794 πράγματα
475 706 531 773 καὶ
554 711 632 785 τοὺς
653 710 790 794 καιροὺς
813 708 1034 793 ὑποδραμεῖν,
1062 708 1149 773 αὑι

103 817 161 892 τὸς
184 813 215 880 δ’
237 814 438 898 ἐλαττωθείη
460 813 517 880 καὶ
538 823 598 898 τῆς
616 817 813 900 στρατηγίας
830 813 1041 899 ἀφαιρεθείη,
1063 839 1122 880 κα-

104 930 250 1007 κοῦργον
272 918 327 985 καὶ
350 921 501 1006 πονηράν
524 920 607 986 ὁδὸν
628 922 748 986 ἀπεισι.
794 919 881 1002 <32>
904 916 959 984 καὶ
987 930 1122 1004 πρῶτον

104 1023 166 1111 μὲν
188 1025 347 1112 ἐπιχειρεῖ
368 1026 561 1110 διαβάλλειν
584 1026 688 1092 αὑτὸν
707 1027 790 1111 πρὸς
807 1026 867 1091 τὸν
885 1024 1033 1110 βασιλέα,
1057 1051 1122 1111 φυ-

104 1132 282 1198 λάττεσθαι
310 1143 484 1218 παραινῶν
509 1129 566 1198 καί
588 1132 632 1217 μὴ
655 1136 830 1217 προσέχειν
853 1121 904 1208 οἷς
923 1129 1122 1218 Ἀβέννηρος

104 1240 310 1304 συντίθεται·
333 1238 441 1303 πάντα
463 1239 527 1324 γάρ
550 1249 660 1304 ποιεῖν
683 1236 857 1304 αὑτδνέπὶ
875 1246 921 1326 τῷ
939 1238 1122 1322 βεβαιώσα-
1136 1263 1162 1303 ιο

104 1351 186 1409 σθαι
208 1352 254 1432 τῷ
277 1345 435 1409 Σαούλου
457 1340 553 1409 παιδὶ
574 1343 637 1426 τὴν
658 1343 855 1428 ἡγεμονίαν,
879 1340 933 1409 ἐπὶ
956 1341 987 1408 δ’
1013 1344 1122 1430 ἀπάτη

103 1448 160 1515 καὶ
187 1450 274 1538 δόλῳ
302 1451 385 1535 πρὸς
407 1449 510 1516 αὑτὸν
538 1448 681 1515 ἐλθόντα
708 1447 787 1534 μεθ’
811 1443 851 1532 ἧς
879 1448 1033 1532 ἐβούλετο
1056 1459 1123 1515 νῦν

105 1553 238 1632 ἐλπίδος
264 1553 319 1620 καὶ
346 1557 538 1640 οἰκονομίας
564 1566 633 1621 τῶν
663 1554 995 1640 κατασκευαζομένων
1022 1555 1122 1621 ἀπελ-

103 1669 191 1728 θεῖν.
237 1662 324 1745 <33>
351 1661 397 1739 ὡς
424 1659 455 1726 δ’
485 1660 547 1728 οὐκ
576 1664 690 1728 ἔπειθε
716 1663 777 1727 τὸν
803 1662 958 1744 Δαυίδην
989 1663 1122 1738 τούτοις

102 1765 184 1835 οὐδὲ
206 1767 477 1855 παροξυνόμενον
496 1765 593 1854 ἑώρα,
614 1766 766 1855 τρέπεται
786 1768 908 1850 ταύτης
925 1767 1122 1854 τολμηροτέ·
1136 1791 1162 1832 15

105 1901 170 1963 ραν
200 1876 297 1960 ὁδόν,
327 1872 383 1941 καὶ
414 1877 530 1962 κρίνας
554 1872 754 1961 Ἀβέννηρον
785 1873 975 1939 ἀποκτεῖναι
1002 1870 1123 1958 πέμπει

104 1986 183 2061 τοὺς
206 1980 454 2065 ἐπιδιώξοντας,
480 1972 532 2059 οἷς
553 1984 776 2065 καταλαβοῦσι
799 1978 999 2066 προσέταξεν
1020 1981 1124 2047 αὑτὸν

104 2094 219 2153 καλεῖν
247 2087 282 2153 ε’κ
309 2097 369 2152 τοῦ
396 2089 550 2153 Δαυίδου
577 2087 755 2172 ὀνόματος,
785 2086 830 2164 ὡς
858 2089 991 2170 ἔχοντος
1019 2086 1124 2169 αὑτοῦ

102 2194 179 2257 τινά
201 2191 277 2278 περὶ
299 2204 367 2257 τῶν
389 2193 592 2277 πραγμάτων
617 2194 702 2278 πρὸς
724 2193 841 2277 αὐτόν,
869 2192 890 2256 δ
917 2192 961 2277 μὴ
989 2194 1123 2278 διεμνη-

104 2299 245 2382 μόνευσε
276 2298 457 2381 παρόντος,
493 2298 609 2363 εἰπεῖν.
657 2296 752 2379 <34>
781 2294 978 2385 Ἀβέννηρος
1010 2297 1041 2364 δ’
1078 2301 1124 2378 ὡς
1138 2322 1164 2361 ιο

103 2403 225 2484 ἢκουσε
251 2401 292 2466 τά
318 2401 407 2485 παρά
433 2410 502 2465 τῶν
529 2398 680 2482 ἀγγέλων
703 2398 901 2487 (κατέλαβον
927 2405 990 2490 γάρ
1019 2405 1123 2471 αὑτὸν

103 2506 142 2573 ἐν
163 2509 252 2596 τόπῳ
275 2502 343 2571 τινὶ
361 2509 491 2593 Βησιρηῖ
508 2504 712 2596 καλουμένῳ,
735 2504 891 2593 ἀπέχοντι
912 2518 970 2594 τῆς
990 2515 1124 2597 Χεβρῶ-

103 2638 163 2692 νος
186 2616 341 2692 σταδίους
364 2610 495 2702 είκοσι),
517 2609 622 2698 μηδὲν
644 2614 845 2699 ὑπιδόμενος
867 2626 935 2680 τῶν
957 2620 1124 2702 συμβησο-

104 2720 214 2806 μένων
236 2718 450 2808 ὑπέστρεψεν.
496 2720 686 2805 ἀπαντησας
708 2719 739 2786 δ’
760 2722 849 2810 αὐτῷ
871 2723 954 2808 πρὸς
976 2728 1016 2806 τῇ
1035 2723 1124 2807 πύλη

104 2828 123 2894 ὑ
149 2825 295 2913 Ἰώαβος,
326 2825 382 2893 καὶ
415 2826 654 2913 δεξιωσάμενος
685 2827 731 2904 ὡς
756 2824 887 2911 μάλιστ’
917 2827 1036 2904 εύνους
1067 2827 1123 2893 καὶ
1139 2849 1165 2890 ιι

104 2936 203 3016 φίλος
225 2929 477 3018 (ὑποκρίνονται
505 2933 568 3018 γάρ
597 2932 719 3009 ίκανῶς
745 2932 903 3010 πολλάκις
925 2936 974 3011 είς
1000 2935 1038 3000 τὸ
1066 2934 1124 3000 ἀν-

105 3039 255 3104 ύποπτον
268 3045 327 3119 τῆς
341 3035 518 3121 ἐπιβουλῆς
531 3038 572 3103 τά
586 3047 654 3103 τῶν
670 3036 805 3121 άληθῶς
818 3038 959 3122 ἀγαθῶν
973 3041 1008 3105 οί
1019 3041 1124 3127 πράγ-

105 3161 207 3228 μασιν
240 3142 466 3227 ἐγχειροῦντες
492 3141 657 3229 ἀτόποις),
689 3143 776 3227 <35>
805 3143 937 3232 ἀποσπᾷ
967 3142 1028 3230 μὲν
1056 3158 1125 3212 τῶν

106 3251 239 3315 οἰκείων
262 3246 365 3314 αὑτὸν
388 3246 433 3324 ὡς
456 3245 493 3312 ἐν
516 3246 690 3338 ἀπορρητμ
714 3248 954 3336 διαλεξόμενος,
976 3273 1125 3337 παραγα-

107 3354 178 3437 γὼν
201 3351 232 3418 δ’
258 3355 307 3432 είς
328 3356 366 3420 τὸ
390 3352 590 3440 ἐρημότερον
611 3362 670 3438 τῆς
692 3356 808 3438 πύλης,
831 3359 933 3441 μόνος
954 3356 1054 3435 αὑτὸς
1077 3359 1126 3425 ὢν
1139 3380 1167 3421 ευ

179 3475 542 3545 531-2Reg.1112·2.

368 3754 409 3784 A
485 3768 498 3783 h
