2400 3840
556 128 656 178 EKTH
1076 128 1119 191 75

97 312 132 353 τι
163 288 341 374 προσήκειν
369 295 415 375 τῷ
442 296 510 351 τῶν
539 287 729 375 ἀνθρώπων
758 286 847 370 γένει
874 291 1010 371 τούτου,
1038 287 1114 373 μηδ’

98 392 154 479 ἐφ’
186 394 249 481 ὅτῳ
277 395 337 458 τὸν
363 395 448 459 θεὸν
476 394 596 479 εὐμενή
626 393 681 459 καὶ
709 397 855 479 χορηγὸν
881 406 950 460 τῶν
977 394 1117 476 ἀγαθῶν

100 498 257 586 (μᾶλλον)
281 498 405 584 ἕξομεν.

166 604 222 671 καὶ
248 607 289 671 τά
316 603 377 690 μὲν
399 604 475 691 περὶ
503 615 561 690 τής
584 610 742 689 γυναικὸς
766 607 802 673 ἐν
824 610 996 685 τοσούτοις
1023 608 1118 693 ἀρκεῖ

71 715 326 796 5δεδηλῶσθαι·
373 712 483 796 <343>
515 715 575 779 τὸν
607 711 645 779 δὲ
676 717 792 780 πόλεσι
824 713 879 779 καὶ
912 716 1029 799 δήμοις
1060 712 1115 779 καὶ

98 823 215 885 ἔθνεσι
229 818 442 904 συμφέροντα
456 822 558 900 λόγον
571 818 626 884 καὶ
645 822 854 905 προσήκοντα
873 833 944 898 τοῖς
962 821 1115 904 ἀγαθοῖς,

97 924 159 1010 ὑφ’
194 921 235 990 οὗ
272 927 544 1011 προαχθήσονται
583 926 703 1003 πάντες
741 926 862 1013 ἀρετήν
894 929 1028 992 διώκειν
1059 926 1115 992 καὶ

99 1036 220 1115 ζηλοῦν
242 1033 283 1096 τά
307 1031 408 1110 δόξαν
425 1030 481 1098 καὶ
504 1034 637 1117 μνήμην
655 1033 794 1098 αίύνιον
813 1046 995 1119 παρασχεῖν
1014 1036 1114 1117 δυνη-

97 1141 232 1223 σόμενα,
255 1140 449 1224 ποιήσομαι,
479 1140 606 1222 πολλήν
628 1137 683 1204 καὶ
707 1143 900 1224 βασιλεῦσιν
924 1139 1036 1207 ἐθνῶν
1058 1138 1114 1205 καί

57 1280 84 1319 1⁰
98 1248 238 1330 ἀρχουσι
270 1248 399 1311 πόλεων
427 1245 610 1330 ἐπιθυμίαν
635 1243 691 1311 καὶ
723 1247 874 1329 σπουδήν
903 1258 972 1311 τῶν
1002 1254 1114 1313 καλῶν

97 1351 296 1436 ἐνθήσοντα,
323 1351 379 1417 καὶ
401 1356 486 1437 πρός
508 1376 543 1417 τε
565 1355 644 1429 τοὺς
666 1354 848 1429 κινδύνους
869 1350 924 1417 καὶ
947 1355 1007 1418 τὸν
1029 1349 1113 1438 ὑπὲρ

96 1469 165 1523 τῶν
192 1460 363 1546 πατρίδων
394 1459 545 1524 θάνατον
576 1462 862 1547 προτρεψόμενον,
893 1457 948 1524 καὶ
980 1460 1114 1524 πάντων

95 1577 321 1652 καταφρονεῖν
352 1564 530 1643 διδάξοντα
561 1577 629 1631 τῶν
662 1567 792 1631 δεινῶν.
844 1567 952 1651 <344>
984 1569 1046 1651 ἐχω
1080 1565 1111 1630 δ’

96 1674 209 1737 αἰτίαν
236 1674 422 1753 τοῦλόγου
451 1673 573 1737 τούτου
596 1673 754 1737 Σάουλον
776 1674 836 1737 τὸν
858 1684 926 1738 τῶν
950 1671 1114 1758 Ἑβραίων

55 1810 81 1851 15
96 1776 243 1862 βασιλέα.
285 1773 382 1855 οὗτος
401 1778 475 1862 γάρ,
493 1781 610 1862 καίπερ
633 1779 729 1854 είδὼς
746 1779 787 1843 τά
806 1782 1040 1863 συμβησόμενα
1058 1779 1113 1845 καλ

96 1887 157 1950 τὸν
180 1883 387 1969 ἐπικείμενον
409 1885 561 1948 θάνατον
582 1893 643 1948 τοῦ
672 1885 847 1968 προφήτου
869 1888 1114 1971 προειρηκότος,

96 1991 159 2056 οὐκ
183 1993 268 2073 ἔγνω
292 2003 415 2074 φυγεῖν
435 1991 549 2073 αὐτόν,
572 1987 652 2055 οὐδὲ
675 1991 906 2074 φιλοψυχήσας
928 1993 1114 2076 προδοῦναι

95 2095 159 2182 μὲν
181 2101 261 2174 τοὺς
283 2099 426 2173 οἰκείους
444 2107 514 2173 τοῖς
532 2099 703 2180 πολεμίοις
720 2099 924 2182 καθυβρίσαι
946 2094 983 2163 δὲ
1000 2100 1037 2164 τὸ
1055 2109 1115 2183 τῆς

96 2207 267 2290 βασιλείας
281 2202 417 2288 ἀξίωμα,
442 2204 550 2287 <345>
564 2203 648 2269 ἀλλά
668 2205 839 2290 παραδοὺς
858 2205 961 2271 αὑτὸν
978 2204 1113 2271 πανοικὶ

52 2335 81 2374 20
95 2313 178 2396 μετὰ
200 2321 268 2376 τῶν
289 2309 416 2375 τέκνων
437 2320 508 2384 τοῖς
530 2311 702 2387 κινδύνοις
728 2312 832 2376 καλὸν
858 2310 1004 2394 ἡγήσατο
1028 2308 1113 2378 εἶναι

95 2428 211 2482 πεσεῖν
238 2418 318 2501 μετὰ
345 2416 472 2480 τούτων
499 2412 583 2500 ὑπὲρ
613 2428 681 2481 τῶν
713 2417 982 2501 βασιλευομένων
1014 2421 1114 2503 μαχό-

96 2546 212 2608 μενος,
244 2521 300 2587 καὶ
327 2525 406 2598 τοὺς
437 2523 558 2598 παῖδας
585 2521 772 2587 ἀποθανεῖν
804 2529 931 2606 μᾶλλον
962 2524 1114 2606 ἀγαθοὺς

95 2633 197 2707 ὄντας
219 2627 240 2711 ή
262 2634 456 2693 καταλιπεῖν
480 2625 530 2691 ἐπ’
552 2627 663 2715 ἀδήλφ
686 2637 731 2714 τῷ
754 2627 895 2692 ποταποὶ
917 2631 1113 2710 γενήσονται

94 2738 157 2802 τὸν
179 2738 316 2822 τρόπον·
345 2735 503 2817 διάδοχον
526 2735 590 2819 γάρ
617 2732 673 2798 καὶ
696 2731 793 2815 γε’νος
814 2734 875 2797 τὸν
898 2735 1036 2798 ἔπαινον
1058 2734 1113 2800 καὶ

51 2843 158 2925 εττήν
186 2842 298 2927 ἀγήρω
326 2842 459 2925 μνήμην
488 2839 583 2918 ἕξειν.
633 2839 742 2923 <346>
771 2833 869 2915 οὗτος
897 2833 959 2904 οὖν
986 2841 1115 2919 δίκαιος

95 2947 151 3013 καὶ
176 2948 330 3033 ἀνδρεῖος
352 2944 407 3012 καὶ
436 2948 582 3031 σώφρων
605 2948 715 3031 ἔμοιγε
744 2947 837 3011 δοκεῖ
861 2949 978 3031 μόνος,
1005 2944 1060 3011 καὶ
1084 2955 1119 3013 εί

94 3080 147 3133 τις
174 3052 292 3137 γέγονε
318 3063 470 3130 τοιοῦτος
496 3051 516 3135 ή
545 3054 731 3135 γενήσεται,
758 3053 820 3136 τήν
847 3057 1033 3139 μαρτυρίαν
1061 3053 1111 3119 ἐπ’

95 3162 196 3247 ἀρετή
220 3167 433 3246 καρποῦσθαι
456 3160 545 3243 παρά
563 3159 698 3224 πάντων
716 3157 814 3237 ἀξιος.
859 3162 937 3235 τοὺς
955 3160 1018 3244 γάρ
1042 3159 1111 3243 μετ’

96 3269 244 3335 ἐλπίδων
268 3264 321 3331 ἐπὶ
344 3269 489 3350 πόλεμον
513 3264 709 3343 ἐξελθόντας
737 3265 782 3341 ὡς
808 3262 863 3329 καὶ
890 3267 1115 3350 κρατήσοντας

50 3396 80 3438 zo
94 3374 152 3442 καὶ
177 3385 243 3451 σῶς
266 3370 545 3457 ἀποστρέψοντας,
569 3369 703 3435 ἐπειδάν
720 3394 753 3435 τι
772 3369 1015 3456 διαπράξωνται
1035 3378 1115 3458 λαμ-

93 3486 200 3569 πρόν,
228 3482 269 3546 ού
293 3503 349 3564 μοι
372 3480 509 3543 δοκοῦσι
532 3483 640 3556 καλῶς
662 3487 772 3544 ποιεῖν
797 3475 983 3567 ἀνδρείους
1006 3479 1138 3542 ἀποκα-
