2400 3840
494 148 646 200 ΕΒΔοΜΗ
681 125 686 134 ’
1014 149 1077 213 157

57 309 138 389 ἀγια
162 307 272 389 σκεύη,
296 309 359 392 πρὸ
383 312 509 373 πολλοῦ
533 309 617 373 ναὸν
640 308 819 392 ὀφείλοντα
842 312 939 393 ἔχειν,
963 312 994 375 εί
1010 323 1078 377 τῶν

58 413 206 478 ἐντολῶν
232 422 293 478 τοῦ
320 420 405 478 θεοῦ
432 414 476 497 μή
504 415 719 500 παρήκουσαν
749 415 844 499 ἡμῶν
871 417 906 481 οί
930 415 1078 499 πατέρες,

60 518 294 603 ἐντειλαμένου
321 521 401 603 μετά
428 521 466 584 τὸ
493 520 556 603 τήν
584 529 648 604 γῆν
674 523 798 605 ταύτην
827 534 1003 606 κατασχεῖν
1031 525 1079 587 οί-

60 627 245 709 κοδομήσαι
268 629 352 691 ναὸν
374 626 473 713 αὐτῷ.

32 755 48 796 ε
129 740 233 796 ταῦτα
255 727 317 815 μὲν
338 733 422 816 πρὸς
444 734 522 808 τοὺς
543 731 708 816 ἡγεμόνας
730 733 748 800 6
768 736 920 816 Δαυίδης
942 733 996 799 καὶ
1020 737 1078 800 τὸν

60 839 140 903 υίὸν
163 838 266 903 αὐτοῦ
290 835 459 921 διελέχθη·
487 838 606 920 <343>
633 841 855 925 πρεσβύτερος
878 838 908 904 δ’
934 841 982 906 ὢν
1004 841 1079 924 ήδη,
1098 857 1113 904 3

61 942 117 1008 καὶ
146 952 208 1007 τοῦ
240 944 390 1027 σώματος
421 944 511 1031 αύτῷ
543 942 736 1028 ψυχομένου
768 947 823 1010 διὰ
854 947 915 1011 τὸν
945 948 1079 1032 χρόνον,

62 1049 222 1135 δύσριγος
244 1050 402 1136 ὑπῆρχεν,
425 1050 470 1126 ὡς
492 1047 569 1134 μηδ’
593 1050 660 1116 ὑπὸ
682 1059 741 1135 της
763 1050 920 1137 ἐπιβολῆς
942 1051 978 1117 ε’κ
999 1058 1080 1118 πολ-

62 1162 133 1221 λῶν
147 1157 286 1240 ἱματίων
300 1154 480 1240 γενομένης
493 1156 811 1242 ἀναθερμαίνεσθαι.
843 1162 1080 1225 συνελθόντων
1106 1212 1109 1219 „

21 1288 48 1327 10
62 1258 100 1326 δέ
123 1273 192 1327 τῶν
215 1263 339 1349 ἰατρῶν
360 1259 416 1327 καὶ
439 1263 761 1346 συμβουλευσάντων
784 1263 873 1341 ὅπως
895 1262 928 1342 ἐξ
953 1263 1081 1349 ἀπάσης

61 1377 122 1452 τής
143 1369 253 1454 χώρας
275 1368 405 1452 εὐειδής
432 1367 643 1454 ἐπιλεχθεῖσα
668 1368 838 1456 παρθένος
865 1371 1080 1455 συγκαθεύδῃ

61 1483 108 1563 τῷ
136 1478 268 1558 βασιλεῖ
293 1475 405 1560 (τοῦτο
433 1476 496 1563 γάρ
524 1475 613 1563 αύτῷ
640 1477 724 1562 πρὸς
754 1478 792 1541 τὸ
823 1477 917 1563 ῥῖγος
944 1478 1079 1542 ἔσεσθαι

58 1581 235 1666 βοήθημα,
261 1574 456 1664 θαλπούσης
482 1581 585 1647 αὐτὸν
612 1591 670 1666 τῆς
696 1580 827 1669 κόρης),
858 1584 969 1668 <344>
992 1583 1080 1670 εὑρί-

62 1704 175 1752 σκεται
198 1686 236 1752 έν
257 1689 352 1753 πόλει
375 1687 461 1770 γυνή
485 1690 544 1772 μία
566 1699 683 1754 πασῶν
708 1691 747 1754 τὸ
770 1685 860 1767 εἶδος
882 1689 998 1775 ἀρίστη
1022 1714 1080 1772 γυ-

20 1818 48 1858 15
61 1804 205 1877 ναικῶν,
225 1791 379 1878 Ἀβισάκη
402 1794 565 1877 τοῦνομα,
587 1793 608 1877 ή
632 1793 883 1879 συγκοιμωμένη
906 1798 1012 1880 μόνον
1034 1803 1080 1880 τῷ

62 1904 195 1984 βασιλεῖ
216 1892 480 1986 συνεθέρμαινεν
503 1888 617 1965 αὐτόν·
640 1900 706 1966 ύπὸ
725 1902 788 1986 γάρ
807 1902 917 1986 γήρως
936 1894 979 1983 ήν
997 1901 1081 1985 πρὸς

61 2006 264 2092 τάφροδίσια
286 2005 341 2071 καί
366 2008 523 2090 γυναικὸς
546 2007 681 2091 ὁμιλίαν
703 2005 858 2089 ἀσθενής.

131 2111 215 2178 ἀλλά
240 2110 316 2198 περὶ
344 2109 405 2196 μὲν
432 2113 552 2196 ταύτης
579 2121 638 2196 τής
664 2111 838 2199 παρθένου
866 2109 935 2196 μετ’
965 2113 1080 2193 ὀλίγον

63 2219 270 2302 δηλώσομεν·
298 2220 408 2302 <345>
433 2219 451 2287 6
475 2217 511 2285 δὲ
534 2218 689 2307 τέταρτος
713 2221 789 2297 υίὸς
810 2218 979 2302 Δαυίδου,
1005 2239 1115 2285 νεα-4

21 2328 139 2402 κονίας
171 2325 301 2410 εὐειδής
331 2323 387 2390 καὶ
415 2325 531 2410 μέγας,
563 2326 599 2392 έκ
630 2329 788 2409 γυναικὸς
816 2325 906 2413 αύτῷ
933 2328 1081 2409 Αίγίθης

63 2432 225 2515 γεγονώς,
248 2429 407 2509 Ἀδωνίας
434 2428 472 2496 δὲ
493 2436 837 2520 προσαγορευόμενος,
866 2432 1010 2519 ἐμφερής
1033 2433 1081 2497 ὢν

61 2537 277 2628 Ἀβεσαλώμῳ
295 2540 357 2623 τήν
371 2538 534 2623 διάνοιαν,
553 2539 653 2615 αὐτὸς
666 2539 712 2614 ὡς
724 2540 932 2623 βασιλεύσων
948 2538 1080 2624 ἐπῆρτο,

63 2643 120 2709 καί
143 2646 226 2730 πρὸς
247 2647 326 2722 τοὺς
348 2634 469 2728 φίλους
492 2646 603 2725 ἔλεγεν
626 2645 671 2720 ὡς
691 2644 754 2726 τήν
776 2642 881 2728 ἀρχήν
904 2641 1007 2707 αὐτὸν
1030 2644 1083 2706 δεῖ

64 2741 279 2836 παραλαβεῖν.
323 2751 539 2816 κατεσκεύασε
562 2747 592 2814 δ’
614 2750 742 2835 ἀρματα
762 2748 868 2814 πολλά
885 2744 941 2813 καὶ
959 2748 1081 2824 ’ίππους

22 2878 51 2918 25
63 2854 120 2921 καλ
138 2855 330 2940 πεντήκοντ’
352 2858 476 2943 ἀνδρας
494 2859 572 2933 τοὺς
589 2856 809 2941 προδρόμους.
850 2854 960 2937 <346>
978 2851 1078 2919 ταῦθ’

65 2963 156 3049 ὁρῶν
179 2963 197 3029 6
220 2964 326 3049 πατήρ
350 2964 411 3028 ούκ
430 2961 639 3047 ἐπέπληττεν,
661 2959 735 3028 οὐδ’
757 2961 885 3046 ἐπεῖχεν
903 2961 1006 3025 αὐτὸν
1023 2968 1082 3042 της

63 3068 303 3154 προαιρέσεως,
331 3065 410 3134 οὐδὲ
438 3055 534 3155 μέχρι
560 3078 620 3135 τοῦ
643 3068 816 3134 πυθέσθαι
844 3069 900 3133 διὰ
923 3069 959 3131 τί
978 3073 1082 3130 ταῦτα

64 3176 200 3261 πράττει
232 3177 396 3260 προήχθη.
446 3178 629 3261 συνεργοὺς
657 3173 690 3240 δ’
722 3171 809 3259 εἶχεν
833 3171 991 3248 Ἀδωνίας
1022 3173 1082 3237 τὸν

65 3283 251 3367 στρατηγὸν
266 3279 402 3365 Ἰώαβον
424 3279 480 3345 καλ
502 3281 562 3346 τὸν
579 3280 732 3367 ἀρχιερέα
747 3279 961 3364 Ἀβιάθαρον,
984 3279 1081 3362 μόνοι

23 3407 52 3448 ³0
66 3385 97 3453 δ’
124 3385 348 3473 ἀντέπραττον
372 3388 389 3454 6
413 3386 584 3474 ἀρχιερεὺς
606 3386 766 3462 Σάδωκος
790 3383 844 3450 καὶ
868 3384 886 3450 6
909 3385 1082 3470 προφήτης

139 3513 225 3573 §343
245 3535 278 3555 --
298 3515 314 3562 3
333 3509 402 3578 ειυς.
421 3509 472 3564 11.
