2400 3840
440 694 607 760 ΒΙΒΔΟΣ
630 693 785 760 ΟΓΔΟΗ.

171 854 234 937 <1>
258 852 344 938 Περὶ
367 851 428 937 μὲν
452 848 514 919 οὗν
536 856 690 920 Δαυίδου
713 852 767 919 καὶ
791 863 849 938 τῆς
867 853 984 939 ἀρετῆς
1007 854 1154 937 αύτοῦ,1

101 957 158 1025 καὶ
192 960 280 1024 ὅσων
311 959 451 1041 ἀγαθῶν
484 966 589 1038 αίτιος
624 964 802 1046 γενόμενος
837 972 907 1038 τοῖς
939 961 1122 1045 ὁμοφύλοις

102 1063 268 1149 πολέμους
281 1089 317 1130 τε
330 1063 386 1130 καὶ
400 1066 505 1150 μάχας
520 1067 599 1143 ὅσας
611 1068 827 1154 κατορθώσας
845 1069 982 1154 γηραιὸς
995 1066 1121 1132 ἐτελεύ-

102 1188 213 1254 τησεν,
228 1170 265 1237 έν
278 1195 318 1256 τη
332 1174 396 1259 πρὸ
411 1175 532 1256 ταύτης
545 1177 649 1305 βίβλω
665 1174 905 1258 δεδηλώκαμεν
939 1175 1004 1257 <2>
1014 1178 1121 1238 Σολο-

74 1289 214 1362 εμῶνος
246 1273 283 1342 δὲ
279 1286 375 1384 ,τοῦ
406 1279 526 1369 παιδὸς
557 1279 675 1364 αὐτοῦ,
707 1279 787 1345 νέου
819 1280 880 1363 την
910 1277 1118 1362 ἡλικίανέί

103 1387 215 1467 ὄντος,
242 1363 319 1467 την
327 1364 499 1469 βασιλείαν
520 1386 829 1471 παραλαβόντος,
814 1411 854 1452 ον
881 1388 928 1452 ἔτι
958 1386 1062 1464 ζῶν’
1045 1384 1121 1450 απέ-

102 1514 190 1573 φηνε
213 1500 273 1566 τοῦ
296 1496 379 1584 λαοῦ
403 1492 567 1598 δεσπότην
584 1495 666 1558 κατδι
685 1493 746 1576 τὴν
764 1503 825 1558 τοῦ
843 1499 928 1558 θεοῦ
950 1494 1121 1577 βούλησιν,

104 1576 331 1676 [καθίσαντος
349 1577 402 1662 έτδ
428 1599 489 1664 τὸν
515 1601 658 1685 θρόνον]
688 1600 706 1664 ὁ
734 1596 795 1683 μὲν
817 1609 881 1677 πᾶς
904 1602 1001 1684 όχλος
1028 1597 1121 1663 έπευ-

103 1703 308 1787 φήμησεν,ο
290 1694 418 1768 ἷοονί
387 1705 474 1780 είκδς
498 1701 548 1797 ἐπ’
574 1702 745 1793 ἀρχομένω
767 1709 907 1789 βασιλεῖ,
929 1709 1121 1786 τελευτῆσαι

64 1829 90 1867 10
103 1814 212 1885 καλῶς
235 1808 323 1897 αύτῷ
346 1811 386 1874 τά
409 1810 598 1896 πράγματα,
625 1807 680 1875 καὶ
707 1812 791 1897 πρὸς
813 1819 916 1897 γῆρας
941 1807 1121 1893 ἀφικέσθαι

104 1917 247 2002 λιπαρὸν
264 1912 319 1979 καὶ
336 1916 566 2001 πανεύδαιμον
586 1917 648 2000 τὴν
665 1915 859 2001 ἡγεμονίαν·
883 1916 947 1999 <3>
964 1912 1123 1991 Ἀδωνίας
1141 1935 1158 1982 2

105 2019 149 2105 δ’,
173 2021 210 2098 ὃς
229 2019 284 2086 καὶ
303 2031 363 2087 τοῦ
381 2024 505 2107 πατρὸς
524 2025 572 2088 ἔτι
591 2026 713 2102 ζῶντος
731 2021 919 2109 ἐπεχείρησε
937 2021 998 2104 τὴν
1017 2020 1122 2108 ἀρχὴν

103 2140 294 2212 κατασχεῖν,
321 2130 500 2215 παρελθὼν
526 2131 610 2216 πρὸς
636 2129 698 2212 τὴν
724 2137 785 2195 τοῦ
812 2126 974 2213 βασιλέως
998 2126 1121 2213 μητέρα

105 2234 297 2319 Βεερσαβην
318 2231 374 2299 καὶ
393 2239 610 2323 φιλοφρόνως
628 2236 734 2319 αὐτὴν
752 2234 992 2320 ἀσπασάμενος,
1015 2241 1122 2300 πυθο-

64 2359 90 2400 15
105 2337 206 2423 μένης
229 2341 260 2404 εί
280 2338 335 2405 καὶ
359 2342 415 2406 διά
437 2346 552 2427 χρείαν
574 2345 650 2409 τινὰ
672 2345 755 2431 πρὸς
774 2343 879 2426 αὐτὴν
897 2343 1044 2427 ἀφῖκται,
1066 2339 1122 2406 καὶ

105 2446 231 2528 δηλοῦν
253 2449 452 2531 κελευούσης
474 2450 520 2526 ὡς
541 2448 647 2532 ἡδέως
668 2448 901 2537 παρεξομένης,
926 2446 1045 2533 ἤρξατο
1069 2445 1122 2513 λε’-

105 2576 178 2634 γειν
205 2553 278 2637 <4>
308 2554 358 2619 ὅτι
385 2554 540 2637 γινώσκει
568 2550 630 2638 μὲν
661 2554 723 2637 τὴν
753 2556 926 2637 βασιλείαν
956 2551 1011 2617 καὶ
1040 2553 1123 2635 αῦτη

104 2656 159 2722 καὶ
184 2659 239 2723 διδι
261 2661 323 2743 τὴν
345 2659 477 2743 ἡλικίαν
503 2658 558 2726 καὶ
581 2661 638 2725 διδι
660 2660 722 2743 την
748 2666 808 2723 τοῦ
830 2659 984 2739 πλήθους
1005 2659 1123 2744 προαί-

106 2781 200 2850 ρεσιν
223 2759 328 2830 οὖσαν
347 2765 461 2850 αὐτοῦ,
484 2766 669 2851 μεταβάσης
691 2761 729 2830 δὲ
751 2765 835 2851 πρὸς
853 2769 1040 2848 Σολομῶνα
1063 2764 1124 2828 τὸν

63 2891 91 2932 νο
105 2873 183 2937 υίὸυ
210 2872 312 2955 αὐτῆς
338 2873 421 2936 κατά
448 2873 510 2956 τὴν
537 2881 597 2937 τοῦ
624 2878 709 2937 θεοῦ
741 2873 877 2956 γνώμην
909 2867 1037 2955 στέργει
1068 2866 1123 2933 καὶ

106 2978 216 3064 ἀγαπᾷ
230 2978 291 3061 τὴν
310 2975 366 3043 ὑπ’
383 2979 472 3067 αὐτῷ
491 2980 649 3044 δουλείαν
666 2976 721 3044 καὶ
739 2990 809 3055 τοῖς
825 2987 991 3064 παροῦσιν
1009 2977 1123 3060 ἥδεται

104 3084 305 3169 πράγμασιν.
351 3084 424 3168 <5>
452 3083 557 3150 έδείτο
586 3083 617 3149 δ’
643 3079 706 3150 οὖν
732 3086 927 3168 διακονῆσαι
953 3084 1037 3168 πρὸς
1063 3083 1123 3147 τὸν

106 3189 255 3274 ἀδελφὸν
278 3191 382 3280 αὐτῷ,
410 3189 465 3256 καὶ
492 3203 602 3257 πείσαι
627 3192 745 3256 δοῦναι
768 3191 830 3274 τὴν
852 3199 897 3277 τῷ
922 3187 1020 3275 πατρὶ
1044 3206 1123 3272 συγ-

105 3295 317 3381 κοιμωμένην
339 3299 423 3384 πρὸς
446 3297 553 3383 γάμον
576 3296 664 3386 αὐτῷ
681 3295 869 3381 Ἀβισάκην·
893 3296 934 3362 ού
957 3298 1019 3383 γάρ
1042 3301 1123 3378 πλη-

179 3418 504 3488 51=3Reg.1112.
