2400 3840
108 131 175 197 260
482 122 767 187 Amevorwz¹

108 291 246 359 καὶτῶν
265 291 304 355 τά
323 298 437 373 πρῶτα
455 294 516 352 τοῦ
533 285 687 367 πλήδους
704 281 922 368 φερομένων,
941 282 1135 370 παραινέσας

111 398 276 483 ἐπιμελεῖς
307 392 363 461 καὶ
395 393 526 469 δικαίας
557 396 731 457 ποιείσθω
766 389 879 468 πάσας
912 391 976 467 τὰς
1007 395 1135 476 κρίσεις·

112 506 178 589 <5>
202 503 245 569 ἀν
268 498 305 567 δὲ
329 497 405 584 περὶ
427 500 589 583 μειζόνων
615 497 785 582 διαφορὰν
813 498 954 580 ἔχοντες
977 508 1047 563 τῶν
1069 498 1136 581 ὁμο

113 613 232 697 φύλων
253 604 342 684 τινὲς
365 604 401 671 ἐκ
422 615 492 670 τῶν
513 604 627 669 ἀλλων
648 600 803 687 πέμύωσι
826 603 915 688 πρὸς
939 603 1067 680 αὐτοὺς
1088 605 1137 668 πύ-

112 721 209 799 λεων,
233 715 364 791 τούτοις
387 712 429 796 δή
447 710 527 795 μετά
544 712 701 787 πλείονος
718 709 872 792 σπουδῆς
889 707 1156 794 ἀποφαίνεσθαί

114 823 251 897 δικαίως
282 816 358 903 περὶ
390 829 458 883 τῶν
490 814 706 901 πραγμάτων·
739 813 885 897 μάλιστα
916 816 987 902 γάρ
1021 819 1080 894 τάς
1108 815 1138 880 ἐν

114 927 217 1010 ταύτῃ
244 933 283 1008 τῃ
312 925 407 988 πόλει
434 924 574 1007 κρίσεις,
602 918 640 986 ἐν
667 913 771 1005 ήτύν
796 940 833 984 τε
857 920 948 984 ναδν
976 916 1067 987 εἶναι
1087 930 1138 987 τοῦ

115 1039 200 1099 θεοῦ
219 1025 405 1112 συμβέβηκε
421 1024 478 1092 καλ
497 1028 630 1093 δίαιταν
648 1026 667 1093 δ
685 1027 843 1110 βασιλεὺς
861 1027 943 1111 ἔχει,
963 1031 1138 1114 προσήκειν

116 1134 301 1210 σπουδαίας
319 1127 478 1198 εἶναικαὶ
497 1132 715 1210 δικαιοτάτας.
756 1131 823 1215 <6>
843 1132 1021 1218 ἄρχοντας
1040 1133 1070 1199 δ’
1090 1133 1138 1199 αύ

115 1252 183 1306 τῶν
210 1239 449 1305 ἀποδείκνυσιν
473 1236 633 1324 Ἀμασίαν
661 1239 722 1303 τὸν
751 1234 840 1322 ίερέα
869 1236 931 1303 καὶ
960 1243 1164 1326 Ζαβαδίαν,ο

117 1345 153 1413 ἐκ
175 1356 235 1431 τής
254 1344 365 1412 Ἰούδα
387 1349 497 1431 φυλής
520 1341 704 1430 ἑκατέρους.

181 1451 238 1518 καί
261 1453 279 1518 ὁ
306 1449 368 1537 μέυ
389 1453 546 1536 βασιλεὺς
567 1459 689 1516 τοῦτον
711 1451 772 1516 τὸν
789 1452 917 1536 τρόπον
937 1450 1091 1518 διέταττε
1107 1453 1140 1516 τά

82 1576 98 1625 2
117 1558 307 1643 πράγματα,
335 1559 401 1641 <7>
424 1558 506 1623 κατά
529 1551 567 1621 δὲ
589 1557 649 1622 τὸν
672 1555 776 1622 αύτδν
797 1556 919 1641 καιρὸν
945 1554 1140 1643 ἐστράτευον

119 1659 168 1728 ἐπ’
195 1662 298 1728 αὐτὸν
319 1665 500 1748 Μωαβῖται
521 1658 578 1727 καὶ
597 1658 801 1747 Ἀμμανῖται,
823 1667 1140 1749 συμπαραλαβόντες

118 1767 174 1835 καὶ
185 1765 335 1854 Ἀράβων
353 1769 500 1853 μεγάλην
515 1780 648 1855 μοῖραν,
665 1766 721 1834 καὶ
738 1772 1166 1855 καταστρατοπεδεύονται

121 1879 205 1963 πρὸς
232 1874 389 1962 Ἐνγαδδί
420 1880 529 1960 πόλει,
564 1873 700 1960 κειμένῃ
729 1874 814 1961 πρὸς
843 1882 884 1959 τῃ
913 1871 1141 1962 Ἀσφαλτίτιδι

121 1986 236 2068 λίμνῃ,
263 1987 474 2069 τριακοσίους
501 1980 668 2067 ἀπεχούσῃ
691 1980 847 2058 σταδίους
871 1989 941 2045 τῶν
962 1980 1141 2069 Ἱεροσολύ-

121 2112 203 2171 μων.
239 2098 397 2170 γεννᾶται
415 2086 446 2152 δ’
469 2088 505 2154 ἐν
523 2088 606 2172 αὐτῇ
625 2084 739 2171 φοίνιξ
757 2086 775 2151 δ
793 2086 971 2165 κάλλιστος
991 2090 1051 2155 καὶ
1071 2091 1142 2157 ὀπο

121 2191 301 2273 βάλσαμον.
348 2195 413 2275 <8>
431 2193 575 2270 ἀκούσας
598 2191 629 2257 δ’
648 2191 848 2279 Ἰωσάφατος
870 2193 921 2259 ὅτι
938 2194 1004 2276 τήν
1023 2199 1142 2280 λίμνην

123 2294 299 2376 διαβάντες
322 2298 357 2361 οί
377 2296 529 2381 πολέμιοι
553 2296 794 2381 ἐμβεβλήκασιν
816 2300 880 2383 ήδη
901 2301 950 2376 είς
967 2302 1033 2384 τήν
1052 2307 1170 2386 βασι-ν

123 2398 308 2484 λευομένῃν
340 2399 396 2466 ὑπ’
432 2401 536 2467 αύτοῦ
567 2403 695 2488 χώραν,
732 2406 845 2483 δείσας
881 2407 929 2482 εἰς
965 2404 1142 2491 ἐκκλησίαν

121 2506 259 2590 συνάγει
286 2510 346 2574 τὸν
373 2510 480 2594 δήμου
507 2519 575 2574 τῶν
598 2506 870 2597 Ἱεροσολυμιτῶν
898 2514 946 2589 είς
972 2515 1013 2577 τὸ
1044 2516 1142 2601 ἱερόν,

121 2611 176 2679 καὶ
200 2616 279 2694 στάς
301 2618 384 2683 κατὰ
406 2620 584 2703 πρόσωπον
611 2625 672 2682 τοῦ
698 2627 784 2683 ναοῦ
806 2619 924 2702 ηύχετο
948 2615 1004 2683 καὶ
1030 2619 1143 2685 ἐπεκα-

122 2726 210 2787 λεῖτο
243 2726 302 2790 τὸν
332 2727 416 2791 θεὸν
442 2736 624 2811 παρασχεῖν
652 2723 741 2812 αὐτῷ
769 2724 914 2807 δύναμιν
944 2722 1002 2788 καὶ
1036 2728 1143 2810 ίσχύν,

123 2827 207 2894 ὥστε
233 2833 486 2916 τιμωρήσασθαι
513 2833 592 2907 τοὺς
620 2829 949 2917 ἐπιστρατεύσαντας·
982 2829 1059 2914 <9>
1089 2831 1174 2897 καλά

122 2934 187 3018 γάρ
209 2942 307 2998 τοῦτο
332 2937 495 3017 δεηθῆναι
517 2939 597 3012 τοὺς
618 2937 656 3001 τὸ
681 2938 772 3021 ἱερὸν
792 2938 1143 3021 κατασκευασαμένους

124 3037 239 3122 αὐτοῦ,
263 3038 352 3113 ὅπως
373 3039 599 3123 ὑπερμάχηται
620 3049 679 3124 τής
696 3045 824 3120 πόλεως
842 3042 969 3127 ἐκείνης
991 3042 1143 3123 καὶτοὺς

124 3140 174 3206 ἐπ’
206 3143 287 3208 αὐτὸ
318 3144 545 3226 τολμήσαντας
578 3143 694 3210 ἐλθεῖν
721 3146 900 3234 ἀμύνηται,
932 3154 969 3215 οἳ
993 3153 1056 3234 τήν
1085 3151 1140 3217 ὑπ’

124 3247 228 3313 αὐτοῦ
242 3250 403 3314 δοθεῖσαν
420 3258 485 3332 γῆν
503 3251 551 3326 είς
569 3249 767 3335 κατάσχεσιν
784 3252 971 3336 ἀφελέσθαι
989 3256 1144 3342 πάρεισιν

123 3350 253 3430 αὐτούς.
299 3349 390 3418 ταῦτ’
417 3352 595 3438 εὐχόμενος
622 3354 775 3440 ἐδάκρυε,
803 3353 858 3421 καί
886 3361 1021 3444 σύμπαν
1045 3360 1083 3428 δὲ
1106 3368 1143 3430 τὸ
1156 3378 1177 3420 ³⁰

194 3471 554 3536 §5-2ParaLXIX8.

564 3730 680 3756 *L
