2400 3840
509 140 632 191 ENATH
1011 137 1074 227 301

10 374 12 381 ,
51 297 314 384 ἐπιβουλευθείς
331 299 397 365 ὑπὸ
416 309 484 364 τῶν
502 302 613 384 φίλων
630 300 748 384 φεύγει
766 295 827 384 μὲν
846 301 894 376 είς
909 300 1077 383 Λάχεισαν

10 409 13 430 ²
49 409 174 489 πόλιν,
201 405 386 491 ἀναιρεῖται
414 403 446 469 δ’
475 406 540 472 ὑπὸ
568 416 636 471 τῶν
663 404 850 490 ἐπιβούλων
876 405 1078 489 πεμψάντων

10 502 13 537 *
50 513 130 579 ἐκεῖ
150 515 229 589 τοὺς
250 511 514 590 ἀποκτενοῦντας
536 511 648 579 αὐτόν.
688 508 744 577 καί
762 513 800 578 τδ
823 507 885 596 μὲν
907 521 1001 595 σῶμα
1023 534 1078 576 κο-

10 607 17 637 ⁷'
51 623 216 704 μίσαντες
239 620 287 695 είς
305 616 517 704 Ἱεροσόλυμα
540 622 719 703 βασιλικῶς
746 616 941 700 ἐκήδευσαν,
969 615 1078 701 <204>

10 715 34 789 '3
52 721 260 808 κατέστρεψε
283 720 315 786 δ’
336 723 441 801 οὕτως
456 721 611 809 Ἀμασίας
633 725 693 790 τὸυ
715 726 792 807 βίον
810 724 866 787 διά
884 723 944 788 τὸν
961 746 1078 788 νεωτε-

10 822 17 870 ¹·
56 830 184 915 ρισμὸν
204 826 260 894 καί
281 829 344 912 τήν
365 832 449 915 πρὸς
470 831 530 895 τὸν
552 832 637 897 θεὸν
659 830 850 916 ὀλιγωρίαν,
873 830 997 914 βιώσας
1017 826 1079 914 μδν

10 1019 12 1030 Ι
56 937 117 1018 ἐτη
141 932 279 1020 τέτταρα
301 933 357 1000 καὶ
379 937 599 1021 πεντήκοντα,
626 937 825 1021 βασιλεύσας
847 933 878 1000 δ’
904 935 1001 1002 ἐννέα
1023 934 1078 1001 καὶ

10 1037 22 1076 ⁸⁵
57 1047 179 1106 είκοσι·
204 1039 390 1126 διαδέχεται
413 1039 444 1106 δ’
470 1040 574 1108 αὐτὸν
596 1041 614 1108 ὁ
637 1053 716 1120 παῖς
735 1039 838 1121 Ὀζίας
859 1042 1016 1127 τούνομα.

10 1143 24 1183 '³
130 1145 250 1231 <205>
275 1148 555 1237 πεντεκαιδεκάτῳ
584 1145 615 1213 δ’
641 1150 707 1213 ἐτει
729 1157 788 1231 τής
807 1145 964 1233 Ἀμασίου
986 1153 1080 1234 βασι-
1091 1154 1134 1218 10

10 1251 48 1317 ³10
59 1256 155 1330 λείας
182 1252 373 1338 ἐβασίλευσε
399 1264 467 1320 τῶν
491 1242 702 1341 Ἰσραηλιτῶν
726 1252 863 1320 Ἰωάσου
888 1256 963 1332 υίὸς
983 1252 1081 1342 Ἱερο-

23 1342 28 1455 2¹
62 1363 189 1444 βόαμος
212 1357 249 1424 ἐν
266 1361 441 1446 Σαμαρείᾳ
464 1361 519 1443 ἔτη
537 1361 785 1447 τετταράκοντα.
826 1354 924 1438 οὗτος
946 1361 964 1425 ὁ
988 1363 1081 1444 βασι-

10 1465 27 1557 ³.
63 1469 142 1542 λεὺς
170 1466 211 1530 τά
239 1462 302 1549 μὲν
329 1468 380 1542 είς
407 1467 467 1532 τὸν
498 1467 582 1532 θεὸν
613 1467 773 1553 ὑβριστής
802 1463 858 1531 καὶ
889 1465 1082 1551 παράνομος

10 1571 25 1610 ³
65 1573 185 1648 δεινῶς
207 1570 348 1656 ἐγένετο,
371 1572 492 1638 είδωλά
513 1595 549 1638 τε
572 1574 751 1657 σεβόμενος
771 1569 828 1637 καὶ
849 1577 987 1649 πολλοῖς
1007 1571 1082 1637 ἀτό-
1158 1583 1179 1611 s

10 1679 22 1693 ”
63 1700 140 1755 ποις
171 1675 227 1743 καὶ
259 1676 366 1755 ξένοις
402 1677 561 1765 ἐγχειρῶν
596 1680 721 1765 ἐργοις,
756 1687 803 1765 τῷ
840 1675 877 1744 δέ
909 1684 978 1767 λαῷ
1014 1689 1082 1744 τῶν

22 1806 55 1848 ιι
62 1781 275 1868 Ἰσραηλιτῶν
292 1785 422 1869 μυρίων
439 1795 552 1850 κακῶν
564 1789 671 1860 αίτιος
682 1781 816 1870 ὑπῆρξε.
852 1782 962 1867 <206>
975 1784 1081 1873 τούτῳ

64 1887 299 1977 προεφήτευσέ
319 1912 370 1967 τις
389 1887 503 1968 Ἰωνᾶς
525 1890 571 1968 ῶς
593 1890 648 1954 δελ
667 1890 898 1973 πολεμήσαντα
919 1899 991 1966 τοῖς
1013 1890 1083 1954 Σύ-

64 2019 139 2082 ροις
161 1995 264 2062 αύτὸν
284 2004 446 2083 κρατήσαι
472 2004 531 2080 τής
553 1994 692 2062 ἐκείνων
719 1994 892 2078 δυνάμεως
918 1992 974 2059 καὶ
1001 2000 1083 2060 πλα-

63 2111 163 2167 τῦναι
185 2101 246 2185 τήν
268 2102 373 2168 αὑτοῦ
395 2104 577 2187 βασιλείαν,
600 2109 671 2180 τοίς
692 2097 755 2186 μὲν
776 2102 859 2167 κατὰ
880 2100 942 2184 τήν
958 2102 1083 2187 ἀρκτον

63 2206 201 2293 μέρεσιν
222 2206 285 2286 ἕως
299 2205 448 2292 Ἀμάθου
470 2210 607 2293 πόλεως,
629 2219 700 2287 τοῖς
722 2204 761 2274 δὲ
777 2209 860 2274 κατά
881 2206 943 2291 τήν
961 2224 1083 2293 μεσημ-

19 2336 48 2377 20
63 2315 166 2401 βρίαν
194 2313 256 2391 ἕως
282 2322 342 2398 τής
365 2311 616 2399 Ἀσφαλτίτιδος
641 2318 772 2400 λίμνης·
803 2313 926 2397 <207>
953 2315 991 2380 τδ
1018 2315 1083 2401 γάρ

64 2420 207 2507 ἀρχαίου
229 2422 264 2486 oc
285 2421 359 2508 ὅροι
375 2430 439 2505 Ιτῆς
462 2425 653 2500 Χαναναίας
678 2416 765 2506 ἦσαν
792 2415 900 2505 οὗτοι,
926 2421 1083 2497 καθὼςδ

65 2528 249 2612 στρατηγὸς
263 2525 390 2611 Ἰησοῦς
409 2528 595 2613 περιώρισε.
632 2529 834 2613 στρατεύσας
850 2521 915 2591 οὖν
932 2524 986 2591 ἐπὶ
1005 2518 1085 2603 vo&

65 2632 205 2718 Σύρους
226 2632 244 2699 ὁ
259 2632 467 2719 Ἱεροβόαμος
485 2630 744 2718 καταστρέφεται
765 2640 877 2696 πᾶσαν
895 2629 1006 2696 αὐτῶν
1024 2631 1085 2713 τήν

65 2738 191 2823 χώραν,
215 2740 261 2817 ὡς
281 2741 536 2826 προνφήτεασευ
555 2735 675 2816 Ἰωνᾶς.

20 2866 49 2906 25
137 2845 247 2929 (208)
270 2845 453 2930 ἀναγκαίου
476 2843 507 2909 δ’
532 2844 716 2928 ἡγησάμην,
740 2843 802 2927 τήν
824 2843 997 2930 ἀκρίβειαν
1018 2852 1120 2908 τῶνα

66 2949 271 3034 πραγμάτων
288 2953 501 3039 παραδώσειν
512 2949 748 3036 ὑπεσχημένος,
767 2950 828 3016 ὅσα
845 2946 993 3036 καὶπερὶ
1011 2949 1087 3014 τού·

66 3077 131 3120 του
157 3065 219 3122 τοῦ
244 3059 420 3143 προφήτου
447 3051 554 3144 ηὗρον
582 3055 621 3123 ἐν
647 3067 720 3135 ταῖς
742 3055 931 3143 Ἑβραϊκαῖς
958 3057 1088 3139 βίβλοις

67 3161 347 3249 ἀναγεγραμμένα
370 3162 563 3241 διεξελθεῖν.
604 3161 797 3241 κελευσθείς
818 3164 881 3249 γάρ
905 3157 1087 3241 ούτοςύπδ

67 3275 131 3333 τοῦ
161 3275 246 3334 θεοῦ
275 3276 485 3356 πορενθήναι
514 3266 576 3354 μὲν
605 3271 653 3347 είς
679 3270 741 3353 τήν
768 3272 880 3335 Νίνου
905 3270 1089 3354 βασιλείαν,

24 3392 54 3432 ³0
68 3373 212 3460 κηρῦξαι
235 3372 266 3438 δ’
293 3373 362 3440 ἐκεί
380 3377 562 3459 γενόμενον
585 3374 623 3441 ἐν
644 3383 683 3461 τῇ
706 3378 802 3442 πόλει
827 3375 878 3441 ὅτι
900 3375 962 3458 τήν
984 3374 1090 3461 ἀρχήν

144 3498 222 3560 §208
277 3493 500 3565 4Reg.XIV19;
514 3494 631 3551 2Para1.
642 3495 719 3553 XXV
729 3502 774 3554 25.
841 3501 926 3562 ξῶῶὶ
934 3496 1109 3548 dmm.
