2400 3840
222 761 512 838 ΙΟΥΔΑΙΚΗΣ
539 761 930 838 ΑΡΧΑΙΟΛΟΓΙΑΣ

416 935 583 1001 ΒΙΒΔΟΣ
605 936 736 1001 ΕΚΤΗ.

136 1114 200 1196 <1>
222 1117 391 1196 Λαβόντες
410 1110 440 1176 δ’
462 1115 497 1178 οί
514 1112 733 1179 Παλαιστινοὶ
754 1114 900 1196 τὴντῶν
918 1116 1085 1198 πολεμίων
1108 1115 1124 1177 1

63 1221 209 1303 κιβωτὸν
233 1220 455 1304 αἰχμάλωτον,
484 1220 529 1297 ὡς
550 1221 793 1306 προειρήκαμεν
820 1221 939 1305 μικρὸν
966 1222 1084 1304 ἐμπρο-

65 1333 162 1408 σθεν,
186 1329 233 1403 εἰς
247 1325 391 1404 ’Ἄζωτον
411 1325 567 1411 ἐκόμισαν
584 1330 694 1410 πόλιν,
716 1325 771 1392 καὶ
790 1327 878 1412 παρδι
897 1328 957 1392 τὸν
975 1326 1085 1390 αὐτῶν

62 1433 152 1496 θεὸν
181 1433 288 1518 ὥσπερ
316 1456 348 1497 τι
376 1433 530 1519 λάφυρον
558 1433 700 1518 (Δαγὼν
732 1431 763 1498 δ’
794 1429 891 1510 οὗτος
925 1431 1084 1517 ἐκαλεῖτο)

35 1535 207 1602 ετιθέασι.
263 1539 328 1622 <2>
360 1547 398 1623 τῇ
434 1536 464 1602 δ’
500 1538 638 1624 ἐπιούσῃ
670 1540 805 1622 πάντες,
837 1541 902 1605 ὑπὸ
935 1540 995 1622 τὴν
1027 1549 1086 1622 τῆς

63 1642 190 1728 ἡμέρας
213 1644 318 1730 ἀρχὴν
338 1647 495 1721 εἰσιόντες
520 1648 567 1722 εἰς
588 1647 649 1710 τὸν
671 1647 754 1710 ναὸν
775 1654 1002 1730 προσκυνῆσαι
1026 1646 1086 1708 τὸν

62 1752 150 1815 θεὸν
174 1750 296 1833 αὐτῶν,
320 1750 597 1835 ἐπιτυγχάνουσιν
620 1750 708 1838 αὐτῷ
726 1759 824 1815 τοῦτο
848 1758 1000 1814 ποιοῦντι
1024 1749 1085 1831 τὴν

62 1859 222 1941 κιβωτόν·
252 1859 354 1922 ε”κειτο
382 1858 445 1943 γάρ
475 1854 530 1921 ἀπ’
557 1856 659 1939 αὐτῆς
681 1857 922 1932 ἀποπεπτωκὼς
947 1864 1005 1939 της
1028 1855 1086 1940 βά-

64 1981 165 2046 σεως,
193 1961 246 2046 ἐφ’
272 1958 312 2046 ἧς
339 1961 440 2040 ἑστὼς
464 1962 610 2029 διετέλει.
655 1960 711 2028 καὶ
739 1963 961 2046 βαστάσαντες
985 1963 1086 2029 πάλιν

27 2089 50 2127 10
65 2070 244 2154 ἐφιστᾶσιν
270 2070 373 2136 αὐτὸν
401 2068 453 2135 ἐπὶ
485 2071 621 2153 ταύτης,
653 2071 924 2157 δυσφορήσαντες
956 2067 1009 2136 ἐπὶ
1041 2079 1086 2158 τῷ

64 2175 286 2264 γεγενημένῳ.
322 2165 481 2253 πολλάκις
499 2173 536 2241 δὲ
555 2188 736 2261 φοιτῶντες
754 2178 843 2264 παρά
860 2179 920 2243 τὸν
939 2183 1086 2260 Δαγῶνα

63 2282 120 2348 καὶ
150 2283 459 2367 καταλαμβάνοντες
491 2283 612 2368 ὁμοίως
645 2282 698 2349 ἐπὶ
730 2293 790 2349 τοῦ
817 2292 1087 2369 προσκυνοῦντος

63 2389 127 2472 τὴν
151 2391 294 2471 κιβωτὸν
318 2390 481 2473 σχήματος
503 2394 670 2474 κείμενον,
699 2389 736 2455 ἐν
763 2390 885 2476 ἀπορία
912 2391 1005 2474 δεινῇ
1031 2387 1093 2454 καὶ·

66 2496 226 2579 συγχύσει
249 2498 461 2560 καθίσταντο.
509 2496 573 2579 <3>
599 2493 655 2560 καὶ
682 2501 873 2560 τελευταῖον
899 2492 1087 2576 ἀπέσκηψεν

26 2621 51 2660 15
67 2605 115 2679 εἰς
134 2602 196 2684 τὴν
214 2612 283 2666 τῶν
298 2598 458 2679 Ἀζωτίων
475 2605 575 2667 πόλιν
592 2599 647 2665 καὶ
666 2600 728 2683 την
741 2599 853 2684 χώραν
871 2597 981 2663 αύτῦν
1000 2606 1087 2682 φθο-

66 2711 131 2794 ράν
155 2710 193 2772 τὸ
216 2714 313 2773 θεῖον
335 2707 391 2773 καὶ
409 2712 520 2774 νόσον.
567 2706 779 2789 ἀπέθνησκον
802 2707 864 2792 γὰρ
885 2705 951 2772 ὑπὸ
970 2707 1087 2772 δυσεν-

66 2819 193 2900 τερίας,
224 2815 357 2892 πάθους
383 2822 528 2899 χαλεποῦ
556 2812 611 2878 καὶ
639 2814 700 2896 τὴν
727 2813 899 2900 άναίρεσιν
927 2811 1088 2895 ὀξυτάτην

68 2920 288 3007 ἐπιφέροντος
310 2920 391 3004 πρὶν
414 2919 434 3003 ἢ
457 2921 519 3003 τὴν
536 2921 647 3004 ύυχην
666 2921 780 2997 αὐτοῖς
798 2919 991 2996 εὐθανάτως
1009 2919 1088 2983 ἀπο-

68 3035 217 3112 λυθῆναι
240 3037 300 3092 τοῦ
325 3028 484 3112 σώματος,
507 3028 547 3092 τά
567 3026 659 3103 ἐντὸς
679 3024 902 3111 ἀναφέροντες
922 3023 1087 3108 [ἐξεμοῦν-

27 3139 134 3215 ῒθτες]
165 3132 415 3220 διαβεβρωμένα
440 3130 501 3221 nal}
522 3137 687 3209 παντοίως
714 3129 784 3218 ὑπὸζ
806 3140 864 3213 τῆς
891 3133 995 3195 νόσου
1023 3131 1088 3195 διε-

69 3239 261 3327 φθαρμένα.
297 3241 338 3305 τά
357 3237 388 3304 δ’
406 3238 459 3304 ἐπὶ
476 3248 534 3324 τῆς
551 3240 660 3324 χώρας
678 3249 773 3322 μυῶν
791 3242 922 3320 πλῆθος
943 3235 1089 3302 ἀνελθὸν

144 3369 160 3428 ἓ
179 3369 191 3417 l
212 3389 247 3407 =
269 3369 281 3417 l
301 3361 370 3430 Βοῦς.
389 3361 416 3415 V
432 3369 454 3416 1.

125 3462 252 3502 Ιοειεπυν.
270 3461 301 3500 Π
939 3457 958 3504 ἱ
