2400 3840
113 147 155 211 γε
436 144 439 149 ·
481 145 754 198 ΑΡΧΑιοΛοΓιΑΣ

113 311 193 386 θεὸς
221 310 334 387 αὐτοῖς
361 307 416 375 καὶ
444 317 609 392 συγχωρεῖ
636 307 814 390 βαδίσασιν
842 301 895 370 ἐπὶ
926 304 964 368 τὸ
994 307 1131 389 στρατό-

113 418 217 482 πεδον
243 428 310 483 τῶν
338 415 470 502 ἐχθρῶν
498 417 694 499 διαφθεῖραι
722 415 801 488 τοὺς
828 410 865 477 ἐν
892 411 982 499 αὐτῷ
1009 411 1131 495 τυγχά-

113 546 242 599 νοντας.
279 524 388 608 <123>
403 525 554 599 εἱπόντος
573 517 610 586 δέ
628 529 688 586 τοῦ
703 517 816 605 ἱερέως
830 519 873 603 μή
887 517 1131 603 ἀποκρίνεσθαι

112 630 174 695 τὸν
196 633 290 714 θεόν,
314 627 397 695 ’ἀλλ’
419 629 460 695 οὐ
479 630 555 713 δίχα
578 629 685 703 αἰτίας
702 625 804 702 τινός’
829 620 920 690 εἶπεν
938 623 956 689 6
976 624 1132 701 Σάουλος

114 734 396 820 πυνθανομένοις
422 735 502 819 ήμῖν
529 735 648 819 φωνήν
679 733 720 798 οὐ
752 733 893 797 δίδωσιν
920 730 937 796 6
967 733 1062 813 θεός,
1096 730 1157 807 ὃςὸ

113 844 277 927 πρότερον
290 841 390 918 αὐτὸς
405 843 620 925 προνμήννσε
637 838 744 904 πάντα
757 834 813 902 καὶ
827 833 904 922 μηδ’
921 834 1133 922 ἐπερωτῶσιν

115 950 242 1032 ἔφθασε
265 946 383 1031 λέγων,
411 945 484 1013 ἀλλ’
511 949 580 1012 ἐστι
602 969 634 1010 τι
658 944 831 1011 λανθάνον
855 941 887 1021 ἐξ
910 943 1005 1027 ήμῶν
1028 943 1132 1029 άμάρ-

113 1074 199 1136 τημα
217 1054 301 1138 πρὸς
314 1054 418 1119 αὐτὸν
435 1059 544 1118 αἱτιον
559 1061 618 1136 τῆς
632 1059 766 1134 σιωπῆς.
813 1050 921 1133 <124>
935 1047 991 1114 καὶ
1006 1053 1135 1135 όμνυμί

114 1181 151 1241 γε
173 1168 293 1225 τοῦτον
315 1160 419 1225 αὐτὸν
441 1154 461 1243 ή
486 1161 567 1244 μήν,
594 1156 656 1223 κάν
684 1157 702 1223 6
730 1168 808 1232 παῖς
832 1157 849 1222 ὁ
873 1154 950 1240 ἐμὸς
971 1153 1133 1239 Ἰωνάθης

114 1257 134 1348 ᾖ
157 1263 194 1328 τὸ
218 1262 391 1350 ἁμάρτημα
413 1273 513 1330 τοῦτο
541 1262 779 1348 ἐργασάμενος,
807 1261 1001 1328 ἀποκτενεῖν
1028 1263 1132 1328 αὐτὸν
1146 1285 1170 1325 10

113 1366 169 1434 καὶ
191 1371 251 1436 τὸν
273 1371 357 1435 θεὸν
376 1370 481 1447 οὕτως
501 1370 675 1435 ἱλάσεσθαι
694 1369 740 1446 ὡς
758 1367 800 1434 άν
819 1370 849 1433 εἱ
866 1365 922 1433 καὶ
939 1366 1017 1453 παρ’
1035 1369 1132 1435 άλλο-

113 1479 209 1561 τρίου
236 1473 292 1541 καὶ
320 1472 425 1561 μηδὲν
458 1473 530 1561 ἐμοὶ
562 1476 788 1561 προσήκοντος
818 1476 880 1557 τήν
910 1471 994 1561 ὑπὲρ
1028 1475 1132 1541 αὐτοῦ

114 1582 212 1663 δίκην
239 1581 495 1666 άπελάμβανον.’
551 1583 660 1666 (125)
689 1590 751 1647 τοῦ
784 1577 821 1646 δέ
852 1581 1006 1663 πλήθους
1033 1591 1132 1647 τοῦτο

37 1768 40 1773 ³
113 1700 223 1755 ποιεῖν
241 1687 489 1772 ἐπιβοήσαντος,
507 1696 705 1774 παραχρῆμα
719 1687 845 1764 πάντας
863 1688 993 1770 ἵστησιν
1007 1690 1054 1765 εἱς
1073 1688 1132 1754 ἕνα

113 1798 233 1880 τόπον,
261 1797 389 1861 ἵσταται
417 1791 455 1860 δὲ
481 1793 536 1860 καὶ
560 1794 659 1871 αὐτὸς
682 1797 745 1860 σὺν
767 1803 813 1881 τῷ
836 1790 931 1859 παιδὶ
952 1791 1024 1859 κατ’
1050 1797 1132 1860 άλλο
1146 1813 1170 1854 ιι

114 1901 224 1988 μέρος,
242 1900 298 1968 καὶ
315 1903 426 1992 κλήριμ
445 1903 505 1968 τὸν
523 1902 731 1987 ἡμαρτηκότα
751 1906 874 1984 μαθεῖν
893 1898 1046 1982 ἐπεζήτει.
1076 1899 1132 1965 καὶ
1187 1973 1188 1976 ¹

113 2010 270 2094 λαγχάνει
294 2010 407 2074 δοκεῖν
434 2003 532 2085 οὗτος
559 2003 645 2073 εἶναι
664 2004 833 2089 Ἰωνάθης.
878 2004 988 2090 <126>
1011 2005 1132 2091 έπερω-

113 2114 258 2196 τώμενος
286 2111 316 2178 δ’
342 2114 407 2179 ὑπὸ
435 2123 496 2178 τοῦ
523 2114 648 2199 πατρὸς
674 2115 710 2177 τί
729 2115 886 2194 πεποίηκε
907 2109 963 2176 κοιὶ
985 2117 1133 2196 πεπλημ-

113 2216 232 2302 μέληκε
259 2214 315 2282 καὶ
342 2221 377 2282 τί
401 2220 490 2303 παρά
516 2220 577 2284 τὸν
604 2222 680 2303 βίον
708 2219 769 2283 οὐκ
792 2217 904 2302 ὀρθῶς
931 2215 1006 2283 οὐδ’
1033 2217 1133 2295 ὁσίως

114 2322 202 2410 αὐτῷ
226 2321 478 2411 διαπραξαμένῳ
503 2322 704 2407 συνέγνωκε,
734 2322 868 2409 ’πάτερ’
897 2319 1002 2407 εἶπεν,
1030 2323 1131 2390 ’ἄλλο
1145 2344 1171 2385 εο

113 2423 175 2512 μὲν
198 2426 327 2511 οὐδέν,’
355 2428 405 2493 ὅτι
434 2425 471 2494 δὲ
493 2425 575 2513 χθὲς
602 2429 735 2511 άγνοῶν
757 2431 818 2512 τήν
841 2429 926 2515 ἀράν
949 2430 1053 2496 αὐτοῦ
1076 2429 1131 2496 καὶ

112 2534 173 2598 τὸν
196 2534 297 2619 ὅρκον
317 2531 437 2618 μεταξὺ
457 2535 589 2601 διώκων
606 2539 684 2613 τοὺς
701 2539 881 2621 πολεμίους
900 2533 1056 2618 ἐγεύσατο
1075 2561 1132 2621 κη-

113 2643 198 2724 ρίου.
244 2640 399 2718 Σάουλος
427 2638 457 2705 δ’
483 2641 677 2708 ἀποκτενεῖν
706 2643 809 2708 αὐτὸν
831 2644 966 2726 ὄμνυσι,
994 2640 1132 2726 καὶτῆς

113 2746 272 2828 γενέσεως
293 2746 348 2814 καὶ
366 2758 425 2832 τῆς
443 2751 576 2834 φύσεως
595 2760 663 2816 τῶν
681 2754 831 2835 φίλτρων
848 2749 1054 2833 προτιμήσας
1071 2751 1133 2816 τὸν

113 2853 222 2936 ὅρκον.
270 2854 378 2936 <127>
403 2854 422 2920 ὃ
441 2853 472 2919 δ’
494 2856 535 2920 οὐ
555 2856 812 2936 καταπλήττεται
829 2855 891 2936 τήν
914 2853 1053 2938 ἀπειλήν
1071 2866 1133 2921 τοῦ
1147 2874 1171 2916 ιι

112 2957 274 3041 θανάτου,
297 2960 591 3043 παραστησάμενος
614 2957 645 3024 δ’
672 2959 814 3041 εὐγενῶς
840 2957 896 3024 καὶ
924 2966 1133 3049 μεγαλοφρό·

112 3088 178 3141 νως
210 3062 299 3130 ὀὐδ’
330 3063 393 3146 ἐγώ
422 3063 474 3129 σε’
503 3068 608 3149 φησίν
635 3064 808 3131 εἱκετεύσω
840 3056 1026 3150 φείσασθαί
1055 3093 1132 3152 μου,

111 3170 228 3255 πάτερ·
247 3171 381 3254 ήδιστος
400 3168 439 3234 δέ
455 3193 511 3254 μοι
532 3171 549 3236 ὁ
568 3170 715 3248 θάνατος
733 3169 816 3257 ὑπέρ
835 3195 870 3237 τε
884 3181 942 3255 της
961 3182 1021 3257 σῆς
1040 3176 1132 3241 εὐσε-

112 3277 204 3357 βείας
235 3281 410 3363 γινόμενος
438 3275 493 3342 καὶ
523 3274 575 3343 ἐπὶ
603 3281 678 3362 νίκη
702 3283 849 3364 λαμπρᾷ·
883 3277 1039 3363 μέγιστον
1067 3283 1131 3366 γάρ

110 3383 328 3465 παραμύθιον
350 3385 387 3449 τὸ
410 3389 604 3449 καταλιπεῖν
622 3381 795 3468 Ἑβραίους
818 3388 1055 3451 Παλαιστινῶν
1078 3412 1130 3454 κε-
1144 3405 1173 3446 ⁸⁰

183 3506 263 3567 §123
285 3529 317 3548 ι
339 3503 579 3574 1Reg.xlv36.
