2400 3840
84 129 151 194 220
451 129 727 183 ΔΡΧΔΙΟΔΟῙἾΑΣ

84 288 163 377 παρ’
181 291 285 358 αὐτὸν
304 293 500 358 εἰσελθόντα
517 287 573 356 καὶ
592 289 712 369 ξενίων
730 295 984 376 μεταλαβόντα.
1015 291 1107 375 <239>

70 407 147 464 τοῦ
166 394 204 463 δέ
222 399 391 482 φήσαντος
408 402 619 463 κεκωλῦσθαι
636 397 722 482 πρὸς
738 406 801 462 τοῦ
821 404 914 463 θεοῦ
934 401 1109 482 γεύσασθαι
1131 416 1132 419 ’

87 505 176 591 παρά
195 529 262 570 τινι
281 515 348 570 τῶν
367 503 404 569 ἐν
422 503 531 589 ἐκείνη
548 512 588 588 τῇ
606 504 712 587 πόλει,
731 501 819 570 ’ἀλλ’
837 503 920 589 οὐχὶ
934 509 1018 591 παρ’
1035 502 1108 589 ἐμοί’

89 606 159 677 εἷπε
180 611 322 688 ’παντως
340 607 548 695 ἀπηγόρευκέ
565 625 619 675 σοι
637 610 674 675 τὸ
687 615 788 675 θεῖον
800 610 1033 697 παραθέσθαι
1047 609 1110 697 τρέ-

89 721 199 796 πεζαν.
243 718 416 803 προφήτης
447 716 510 801 γάρ
543 717 610 801 είμι
636 715 727 800 κάγὼ
753 714 812 782 καὶ
839 725 904 801 τῆς
934 718 1043 803 αὐτῆς
1068 730 1126 782 σου

87 825 250 901 κοινωνὸς
271 825 355 909 πρὸς
377 822 480 889 αὐτὸν
502 825 697 909 θρησκείας,
722 819 779 889 καὶ
801 823 950 909 πάρειμι
974 834 1042 891 νῦν
1062 819 1109 890 ὑπ’

90 929 194 995 αὐτοῦ
216 926 384 1013 πεμφθεὶς
402 930 492 1006 ὅπως
509 927 621 1012 ἀγάγω
642 945 679 995 σε
696 930 779 1015 πρὸς
797 927 955 1013 ἐμαυτὸν
975 929 1110 997 ἐστιασό

88 1034 212 1121 μενον.’
258 1035 368 1118 (240)
396 1035 414 1101 ὃ
442 1032 480 1100 δὲ
501 1033 700 1124 ψευσαμένῳ
721 1032 878 1113 πεισθείς
901 1036 1110 1124 ἀνέστρεψα.

89 1141 302 1226 ἀριστώντων
323 1137 361 1229 ξδ’
387 1143 435 1207 ἔτι
462 1138 517 1207 καὶ
546 1138 873 1226 φιλοφρονουμένων
897 1142 919 1208 ὁ
945 1145 1031 1221 θεὸς
1054 1142 1111 1208 ἐπι-
1149 1181 1150 1184 =

89 1249 244 1331 φαίνεται
261 1256 308 1335 τῷ
324 1243 464 1332 Ἰαδῶνι,
487 1245 542 1312 καὶ
561 1246 755 1334 παραβάντα
772 1247 832 1323 τὰς
851 1246 1000 1327 ἐντολὰς
1016 1249 1139 1339 αὐτοῦ·

89 1357 252 1440 τιμωρίαν
279 1352 417 1439 ὑφέξειν
439 1356 545 1437 ἔλεγε,
572 1350 628 1419 καὶ
649 1352 801 1436 ποταπὴν
824 1351 970 1437 ἐδήλου·
1003 1355 1112 1422 λέοντα

90 1462 154 1546 γὰρ
179 1461 268 1548 αὐτῷ
291 1462 373 1526 κατὰ
396 1460 457 1543 τήν
475 1460 557 1526 ὁδὸν
575 1457 787 1549 ἀπερχομένῳ
806 1463 1002 1545 συμβαλεῖν
1021 1465 1113 1548 ἐφρα-

91 1568 154 1646 ζεν,
177 1563 237 1649 ὑφ’
259 1561 300 1630 οὗ
323 1567 619 1651 διαφθαρήσεσθαι
641 1563 778 1649 καὶτῆς
800 1564 836 1631 ἐν
855 1578 930 1643 τοῖς
949 1567 1113 1657 πατρῴοις

90 1672 236 1756 μνήμασι
264 1680 372 1756 ταφής
399 1672 602 1758 ἀμοιρήσειν.
647 1673 756 1756 <241>
783 1679 888 1737 ταῦτα
914 1671 950 1738 δ’
979 1674 1112 1758 ἐγίνετο,

91 1774 194 1863 οἶμαι,
216 1779 299 1844 κατὰ
322 1779 383 1862 τήν
405 1787 466 1844 τοῦ
484 1785 568 1844 θεοῦ
587 1780 758 1864 βούλησιν,
782 1778 870 1854 ὅπως
889 1778 934 1863 μή
955 1778 1141 1868 προσέχειν

91 1898 161 1964 τοῖς
178 1895 239 1952 τοῦ
259 1883 413 1964 Ἰαδῶνος
430 1888 544 1968 λόγοις
561 1882 779 1970 Ἱεροβόαμος,
792 1882 1020 1976 ’ἐληλεγμένῳ
1037 1887 1110 1966 ψεύ-

92 1995 152 2058 δει.
188 1991 401 2081 πορευομένῳ
424 1995 543 2058 τοίνυν
564 2000 609 2079 τῷ
630 1988 760 2056 Ἰαδῶνι
782 1990 884 2056 πάλιν
904 1993 954 2068 είς
976 1990 1109 2079 Ἱεροσό

92 2105 179 2183 λυμα
203 2099 384 2182 συμβάλλει
407 2096 504 2182 λέων,
526 2096 582 2164 καὶ
604 2096 814 2174 κατασπάσας
836 2095 941 2163 αὐτὸν
966 2098 1036 2166 ἀπὸ
1056 2106 1108 2164 τοῦ

91 2204 233 2282 κτήνους
247 2201 425 2267 ἀπέκτεινε.
447 2201 500 2268 καὶ
517 2206 576 2269 τὸν
590 2200 652 2288 μὲν
666 2207 747 2270 όνον
761 2199 861 2268 οὐδέν
876 2203 963 2281 ὅλως
980 2208 1108 2290 ἔβλαψε,

90 2307 401 2390 παρακαθεζόμενος
419 2305 449 2371 δ’
467 2307 629 2391 ἐφύλαττε
646 2309 801 2376 κάκεῖνον
818 2307 874 2375 καὶ
891 2311 931 2375 τὸ
949 2321 1016 2377 τοῦ
1034 2333 1107 2397 πρυ
1118 2322 1139 2364 ²⁰

91 2413 199 2496 φήτου
219 2421 322 2496 σῶμα,
343 2411 438 2497 μέχρι
457 2409 546 2490 τινὲς
564 2424 631 2479 τῶν
650 2415 838 2502 ὁδοιπόρων
857 2415 988 2494 ίδόντες
1008 2418 1107 2501 ἀπήγ-

90 2523 206 2602 γειλαν
221 2517 378 2598 ἐλθόντες
391 2521 439 2598 είς
451 2520 514 2603 τήν
527 2523 627 2587 πόλιν
640 2530 685 2609 τῳ
700 2522 972 2609 ψευδοπροφήτῃ.
1000 2525 1107 2607 <242>

92 2625 110 2692 δ
143 2623 180 2692 δὲ
212 2630 290 2706 τοὺς
322 2629 417 2707 υίοὺς
443 2627 573 2715 πέμψας
601 2626 753 2713 ἐκόμισεν
780 2629 828 2705 είς
854 2628 917 2711 τήν
944 2631 1047 2695 πόλιν
1073 2631 1106 2694 τὸ

92 2746 185 2820 σῶμα
217 2733 272 2802 καὶ
303 2742 507 2814 πολυτελοῦς
532 2737 666 2820 κηδείας
692 2731 847 2818 ήξίωσεν,
879 2733 1108 2819 ἐντειλάμενος

91 2855 162 2920 τοῖς
188 2841 283 2908 παισὶ
310 2841 365 2909 καὶ
393 2843 496 2908 αὐτὸν
523 2843 739 2909 ἀποθανόντα
762 2842 826 2906 σὺν
849 2837 965 2928 ἐκείνῳ
989 2841 1107 2923 θάψαι,
1119 2851 1140 2893 2⁵

92 2947 199 3031 λέγων
213 2947 323 3030 ἀληθή
338 2945 399 3030 μὲν
414 2944 500 3013 εἶναι
514 2947 618 3013 πένθ’
635 2949 696 3013 ὅσα
709 2947 942 3032 προυφήτευσε
954 2949 1039 3012 κατὰ
1053 2957 1109 3030 τής

91 3057 218 3129 πόλεως
246 3051 372 3134 ἐκείνης
394 3050 449 3116 καί
472 3062 533 3117 τοῦ
556 3057 799 3140 θυσιαστηρίου
822 3051 878 3119 καὶ
900 3063 969 3118 τῶν
993 3054 1108 3140 ἱερέων

91 3158 146 3224 καὶ
165 3168 232 3224 τῶν
249 3156 547 3241 ψευδοπροφητῶν,
570 3159 838 3243 ὑβρισθήσεσθαι
858 3157 888 3224 δ’
910 3159 1012 3236 αὐτὸς
1029 3160 1108 3244 μετὰ

91 3265 152 3348 τήν
175 3262 330 3345 τελευτήν
353 3257 454 3326 οὐδὲν
477 3265 541 3328 σὺν
564 3261 677 3352 ἐκείνῳ
701 3269 828 3350 ταφείς,
850 3275 918 3331 τῶν
941 3266 1050 3331 ὀστῶν
1069 3264 1108 3331 οὐ

91 3365 426 3453 γνωρισθησομένων.
463 3367 572 3454 <243>
593 3371 756 3453 κηδεύσας
774 3366 836 3438 οὖν
854 3374 914 3437 τὸν
931 3374 1107 3457 προφήτην
1119 3379 1141 3420 ³⁰

163 3493 244 3553 §2³9
265 3515 298 3534 =
317 3488 416 3558 ειυς.
436 3487 500 3541 xm
517 3497 556 3546 ιι,
