2400 3840
483 133 758 186 ΑΡΧΔΙΟΛΟΓΙΑΣ

115 291 285 379 θυγατέρα
304 294 405 378 αὐτῆς
417 297 501 379 πρὸς
524 295 631 379 γάμον
648 303 694 381 τῷ
712 294 824 359 παιδί·
844 292 981 378 μεταξὺ
997 290 1036 359 δδ
1053 301 1125 358 vain«

115 397 280 483 λέγουσαν
297 403 422 486 θηρίον
439 423 471 465 τι
488 402 737 486 παρερχόμενον
754 399 974 483 κατεπάτησε
995 400 1061 483 τῆν
1078 401 1134 464 άκα

116 530 186 571 νον.
231 507 350 591 <198>
376 503 466 572 τοῦτ’
492 500 555 573 οὖν
578 507 668 571 ἔσται
696 521 749 570 σοι
774 505 1003 590 παράδειγμα
1027 514 1087 571 τοῦ
1105 503 1131 588 μὴ

116 614 276 695 μειζόνων
308 610 480 696 ἐφίεσθαι,
516 609 593 697 μηδ’
628 613 679 678 ὅτι
710 612 772 695 τῆν
807 613 899 697 πρὸς
930 609 1135 697 Ἀμαληκίτας

116 717 224 802 μάχην
250 717 454 804 ηύτύχησας,
481 715 535 785 ἐπὶ
561 720 664 804 ταύτη
690 718 931 804 γαυρούμενος
958 727 1077 806 σαυτῷ
1097 712 1150 782 καλε

117 833 156 908 τῆ
180 828 332 911 βασιλεία
354 841 417 890 σου
438 825 621 902 κινδύνους
643 823 791 891 ἐπισπῶ)

82 947 98 994 3
185 929 294 1014 <199>
317 938 420 996 ταῦτα
444 928 475 995 δ’
500 931 669 1015 ἀναγνοὺς
683 928 840 1015 Ἀμασίας
862 931 916 995 ἔτι
938 937 1077 1014 μᾶλλον
1098 925 1140 995 ἐπὶ

117 1036 179 1118 τῆν
202 1037 377 1120 στρατείαν
398 1036 613 1123 παρωξύνθη,
635 1045 696 1102 τοῦ
712 1042 799 1102 θεοῦ
815 1047 1072 1122 παρορμῶντος
1093 1035 1140 1101 αδ

118 1143 187 1222 τόν,
210 1135 313 1224 οἰμαι,
334 1144 419 1228 πρὸς
442 1142 562 1227 αὐτην,
589 1143 645 1209 ἵνα
668 1153 736 1208 τῶν
757 1141 1082 1227 παρανομηθέντων
1103 1143 1164 1227 εἰς

118 1245 221 1312 αὐτὸν
245 1246 342 1331 δίκην
362 1247 523 1333 ἀπολάβη.
569 1247 615 1325 ὡς
637 1244 669 1311 δ’
691 1246 827 1330 ἐξήγαγε
849 1248 933 1332 μετά
958 1257 1024 1332 τῆς
1048 1248 1174 1337 δυνά-ν

119 1376 204 1437 μεως
232 1350 285 1419 έπί
312 1356 373 1421 τὸν
395 1352 531 1421 Ἰώασον
556 1351 613 1419 καί
639 1354 820 1420 συνάπτειν
850 1352 965 1437 μάχην
996 1357 1147 1438 ἔμελλον,

119 1461 156 1524 τὸ
177 1455 336 1544 Ἀμασιόυ
358 1461 544 1547 στράτευμα
567 1462 674 1545 φόβος
700 1460 870 1544 αἰφνίδιος
895 1457 954 1524 καί
978 1462 1141 1542 κατάπλη

118 1563 183 1647 ξις,
211 1566 287 1630 οίαν
309 1567 390 1643 θεὸς
413 1565 474 1632 οὐκ
497 1564 637 1650 εὐμενὴς
663 1566 711 1631 ὢν
735 1564 923 1648 ἐντίθησιν,
952 1568 1008 1643 εἰς
1034 1566 1141 1651 φυγὴν

120 1671 246 1755 ἔτρεφε,
268 1668 324 1735 καὶ
341 1668 424 1756 πρὶν
441 1673 490 1750 εἰς
507 1683 620 1759 χεῖρας
639 1671 762 1738 ἐλθεῖν.
808 1672 919 1754 (200)
940 1670 1142 1760 διασπαρέν-

120 1800 187 1842 των
206 1777 247 1861 δῆ
266 1776 331 1843 ὑπὸ
350 1786 411 1843 τοῦ
429 1775 527 1855 δέους
545 1777 666 1862 αὐτῶν,
689 1774 887 1862 μονωθέντα
904 1778 966 1841 τὸν
982 1774 1169 1863 Ἀμασίανιι

120 1888 294 1969 ληφθῆναι
330 1882 454 1969 συνέβη
490 1887 574 1972 πρὸς
609 1894 678 1950 τῶν
712 1885 881 1968 πολεμίων
916 1884 1143 1968 αἰχμάλωτον·

120 1988 276 2074 ἠπείλησε
298 1988 330 2056 δ’
350 1990 441 2079 αὐτῷ
463 1990 614 2058 θάνατον
629 1987 772 2073 Ἰώασος,
795 1991 826 2055 εἰ
847 1989 892 2073 μῆ
913 1992 1047 2056 πείσειε
1070 1995 1143 2068 τοὺς

117 2093 380 2181 Ἱεροσολυμίτας
406 2097 603 2176 ἀνοίξαντας
635 2095 724 2184 αὐτῷ
755 2096 814 2191 τάς
844 2095 952 2171 πύλας
980 2096 1145 2175 δέξασθαι

121 2201 201 2282 μετὰ
224 2209 282 2283 τῆς
305 2210 460 2283 στρατιάς
483 2203 531 2278 εἰς
553 2202 615 2283 τῆν
632 2205 741 2268 πόλιν.
781 2201 890 2284 <201>
912 2198 970 2264 καί
986 2199 1145 2287 Ἀμασίας

121 2300 181 2387 μὲν
203 2301 260 2369 ὑπ’
287 2303 432 2387 ἀνάγκης
453 2302 510 2369 καὶ
532 2314 593 2370 τοῦ
616 2305 692 2389 περὶ
719 2309 757 2373 τὸ
782 2312 840 2391 ζῆν
863 2305 960 2383 δέους
985 2307 1177 2393 ἐποίησενω

122 2408 336 2493 εἰσδεχθῆναι
361 2411 421 2475 τὸν
447 2407 620 2495 πολέμιον·
649 2410 667 2476 δ
691 2409 730 2478 δὲ
753 2415 915 2492 διακύψας
936 2437 969 2478 τι
992 2424 1056 2480 τοῦ
1080 2420 1144 2481 τεί-

120 2537 201 2599 χους
228 2516 274 2594 ὡς
300 2519 521 2605 τετρακοσίων
547 2519 693 2604 πήχεων,
727 2518 779 2604 ἐφ’
810 2521 955 2607 άρματος
986 2523 1144 2604 εἰσῆλασε

122 2623 178 2688 διὰ
200 2632 259 2709 τῆς
282 2626 442 2710 διακοπῆς
465 2628 513 2705 εἰς
531 2624 758 2713 Ἱεροσόλυμα,
785 2629 845 2692 τὸν
865 2624 1025 2711 Ἀμασίαν
1050 2629 1144 2710 ἀγων

122 2732 339 2816 αἰχμάλωτον.
386 2735 495 2818 (202)
518 2734 634 2820 κύριός
655 2756 691 2799 τε
714 2733 819 2821 τούτῳ
843 2741 888 2821 τῷ
911 2734 1023 2822 τρόπῳ
1047 2737 1143 2816 γενό-

121 2860 221 2920 μενος
244 2849 311 2906 τῶν
331 2838 570 2925 Ἱεροσολύμων
592 2841 671 2917 τούς
698 2863 733 2906 τε
755 2847 816 2906 τοῦ
838 2846 923 2904 θεοῦ
944 2844 1143 2926 θησαυροὺς
1156 2859 1179 2899 ιε

122 2940 281 3027 ἀνείλετο,
303 2941 358 3008 καὶ
382 2944 460 3020 ὅσος
481 2940 525 3026 ῆν
547 2955 593 3033 τῷ
612 2943 751 3033 Ἀμασία
773 2946 896 3031 χρυσὸς
918 2943 973 3009 καὶ
994 2947 1143 3032 άργυρος

123 3047 159 3113 έν
182 3061 253 3126 τοῖς
275 3052 456 3133 βασιλείοις
479 3047 668 3134 ἐξεφόρησε,
690 3050 747 3116 καὶ
765 3051 871 3128 οὕτως
891 3049 994 3115 αὐτὸν
1018 3050 1143 3118 ἀπολύ-

124 3171 184 3232 σας
206 3164 265 3238 τῆς
287 3155 510 3239 αἰχμαλωσίας
528 3153 699 3235 ἀνέζευξεν
718 3159 766 3234 εἰς
784 3156 988 3241 Σαμάρειαν.
1030 3158 1143 3242 <203>

122 3268 226 3326 ταῦτα
245 3258 275 3324 δ’
299 3257 428 3342 ἐγένετο
446 3257 522 3347 περὶ
540 3264 619 3339 τοὺς
632 3259 895 3348 Ἱεροσολυμίτας
913 3264 977 3328 ἔτει
996 3264 1143 3353 τετάρτῳ

122 3363 177 3429 καὶ
210 3366 334 3456 δεκάτφ
366 3374 424 3449 τῆς
453 3364 610 3450 Ἀμασίου
642 3371 825 3452 βασιλείας,
856 3367 894 3445 δς
925 3369 1005 3453 μετὰ
1037 3379 1143 3437 ταῦτα
1156 3389 1180 3430 ω

194 3486 432 3552 ςιεεειωεσ
454 3487 519 3520 w*
846 3493 863 3544 ε.
