2400 3840
97 185 98 189 ς
119 134 185 198 242
484 120 761 188 APmvorlAz

117 296 272 381 πρώτους
289 318 324 360 τε
342 301 447 360 θῦσαι
464 290 520 360 καὶ
533 297 613 372 τοῦς
625 293 738 360 αὑτῶν
752 291 1032 364 ἐπικαλέσασθαι
1045 300 1137 375 θεούς.
1157 376 1158 380 ¹

120 401 190 468 ἐπεὶ
219 399 250 466 δ’
276 397 378 467 οὐδὲν
400 401 529 484 ἀπήντα
550 402 640 486 παρὰ
662 407 722 484 τῆς
744 399 848 485 εύχῆς
873 403 998 482 αὐτοῖς
1020 404 1158 489 καὶτῆς

121 508 321 591 ἐπικλήσεως
342 509 468 573 θύσασι
490 518 562 585 τοῖς
582 507 782 593 προφήτας,
804 508 981 581 σκώπτων
1001 511 1021 578 ὁ
1042 510 1138 588 Ήλίις

120 616 247 700 μεγάλη
269 618 332 700 βοῆ
354 619 468 680 καλεῖν
490 613 614 691 αύτοὺς
636 611 766 679 ἐκέλευε
788 616 873 693 τοῦς
896 619 1022 695 θεούς·
1049 617 1139 702 ήηδρ

120 721 306 806 ἀποδημεῖν
337 719 459 798 αὐτοὺς
489 718 511 803 ή
541 720 732 785 καθεύδειν.
776 720 894 805 <340>
925 734 1002 789 τῶν
1036 724 1067 789 δ’
1096 721 1136 790 ἀτί
1145 741 1159 811 ε

120 830 251 914 όρθρου
273 835 372 892 τοῦτο
394 826 583 891 ποιούντων
606 824 702 913 μέχρι
724 823 827 910 μέσης
849 826 1002 915 ἡμέρας,
1027 829 1082 895 καὶ
1102 853 1139 894 τε

120 936 274 1018 μνόντων
296 933 419 1009 αὑτοὺς
441 934 618 1016 μαχαίραις
643 929 700 997 καὶ
730 932 975 1017 σειρομάσταις
1005 936 1138 1002 κατὰτὸ
1162 969 1164 971 >

119 1039 261 1124 πάτριον
294 1039 389 1121 ἔθος,
421 1035 551 1121 μέλλων
583 1036 683 1115 αὐτὸς
714 1036 881 1103 έπετελεῖν
915 1040 983 1124 τήν
1015 1046 1164 1123 θυσίαν,

120 1142 271 1209 ἐκέλευσε
293 1146 373 1221 τοὺς
394 1139 456 1227 μὲν
479 1142 701 1229 ἀναχωρῆσαι,
723 1147 802 1220 τοῦς
825 1141 856 1207 δ’
880 1143 990 1230 ε’γφὺς
1013 1153 1137 1234 προσελ-

119 1251 245 1328 θόντας
271 1259 385 1336 τηρεῖν
412 1248 530 1333 αὐτόν,
556 1248 600 1333 μή
627 1258 695 1335 πῦρ
721 1250 833 1338 λάθρα
854 1263 932 1329 τοῖς
955 1251 1076 1333 ξύλοις
1096 1253 1159 1338 έμι

120 1358 214 1442 βάλη.
258 1358 369 1441 <341>
392 1364 452 1421 τοῦ
475 1352 506 1419 δ’
532 1356 635 1439 όχλου
656 1358 919 1441 προσελθόντος,
943 1362 1067 1444 λαβὼν
1087 1361 1137 1425 δύ
1163 1359 1166 1418 ζ

120 1463 200 1526 δεκα
236 1466 356 1539 λίθους
391 1461 474 1527 κατά
509 1460 622 1544 φυλήν
657 1469 719 1526 τοῦ
755 1465 839 1526 λαοῦ
873 1473 948 1528 τῶν
983 1463 1164 1553 Ἑβραίων

119 1565 300 1648 ἀνέστησεν
321 1566 353 1644 έξ
372 1566 484 1632 αὐτῶν
501 1568 818 1652 θυσιαστήριον,κα
819 1564 930 1700 ὶπερὶ
950 1570 1040 1638 αὐτὸ
1059 1572 1138 1651 δεξα-

119 1671 225 1756 μενήν
250 1671 354 1759 ὤρυξε
377 1673 581 1758 βαθυτάτην.
625 1670 682 1738 καί
705 1671 845 1750 συνθεὶς
867 1675 930 1752 τάς
954 1678 1110 1762 σχίζαςέ
1095 1675 1137 1744 ἐπί

119 1786 180 1843 τοῦ
202 1782 318 1864 βωμοῦ
339 1776 395 1845 καί
417 1776 489 1845 κατ’
510 1778 621 1844 αύτῦν
640 1777 769 1856 ἐπιθείς
785 1780 826 1845 τά
845 1766 964 1866 ίερεῖα,
987 1785 1158 1873 τέτταραςό

119 1884 184 1951 ἀπὸ
207 1895 267 1970 τῆς
288 1888 412 1973 κρήνης
432 1886 552 1971 ὑδρίας
569 1883 747 1970 προσέταξε
764 1891 1006 1970 πληρωθείσας
1024 1892 1137 1968 ὕδατος
1156 1914 1159 1921 ”

119 1992 361 2057 κατασκεδάσαι
387 2001 448 2059 τοῦ
475 1993 734 2077 θυσιαστηρίου,
762 1992 808 2069 ὡς
831 1992 1043 2078 ὑπερβαλεῖν
1066 1997 1135 2063 αύιό

119 2095 174 2159 καί
201 2098 263 2179 τὴν
290 2098 473 2181 δεξαμενήν
500 2098 631 2163 ἀπασαν
657 2097 779 2175 ὕδατος
805 2106 1014 2184 γεμισθῆναι
1037 2113 1135 2189 πηγῆς
1164 2185 1165 2188 ¹

119 2199 351 2282 ἀναδοθείσης.
398 2202 506 2284 <342>
534 2211 638 2267 ταῦτα
666 2200 704 2267 δὲ
730 2205 870 2286 ποιήσας
896 2205 1024 2291 ήρξατο
1054 2211 1135 2294 εῦχι-
1165 2288 1166 2293 ¹

119 2309 201 2367 σθαι
228 2313 274 2390 τῷ
300 2311 371 2392 θεῷ
393 2303 448 2370 καί
471 2311 586 2370 καλεῖν
609 2306 713 2372 αὐτὸν
734 2307 790 2375 καὶ
812 2319 922 2376 ποιεῖν
944 2324 995 2400 τῷ
1018 2321 1158 2381 πεπλα-Ξί

117 2408 249 2499 νημένρι
281 2412 389 2475 πολὺν
419 2410 483 2493 ήδη
514 2413 639 2496 χρόνον
668 2419 737 2503 λαῷ
766 2416 916 2503 φανεράν
943 2419 1010 2502 τήν
1038 2423 1134 2487 αὑτοῦ

120 2517 273 2602 δύναμιν.
318 2515 374 2584 καὶ
401 2526 505 2583 ταῦτα
532 2516 688 2601 λέγοντος
711 2523 808 2606 ἀφνω
830 2531 896 2608 πῦρ
922 2522 955 2602 ἐξ
971 2527 1134 2613 οὐρανοῦ,
1171 2579 1172 2592 2

118 2633 179 2690 τοῦ
207 2627 359 2711 πλήθους
386 2626 546 2713 ὁρῶντος,
574 2624 626 2691 έπὶ
653 2628 713 2692 τὸν
740 2629 854 2712 βωμὸν
879 2630 974 2694 ἔπεσε
999 2631 1135 2714 καλιήν
1170 2662 1172 2718 5

119 2737 246 2799 θυσίαν
275 2733 497 2816 ἐδαπάνησεν,
530 2732 575 2810 ὡς
601 2733 785 2817 ἀνακαῆναι
812 2731 867 2798 καὶ
894 2735 931 2799 τὸ
959 2734 1056 2846 ὕδωρ
1084 2732 1134 2802 καί
1125 2719 1172 2767 ³

118 2841 278 2924 ψαφαρὸν
300 2838 458 2923 γενέσθαι
481 2840 541 2903 τὸν
563 2842 675 2906 τόπον.
1144 2856 1163 2898 ιι

83 2963 99 3009 ο
185 2944 358 3027 <343>οί
383 2941 635 3028 δ’Ἰσραηλίται
662 2943 751 3012 τοῦτ’
779 2947 907 3022 ἰδόντες
935 2948 1058 3014 ἔπεσον
1084 2947 1135 3015 έπὶ

119 3050 180 3132 τήν
207 3057 271 3132 γῆν
297 3045 353 3111 καί
380 3049 610 3133 προσεκύνουν
632 3051 693 3118 ἕνα
713 3053 798 3118 θεὸν
820 3048 875 3117 καί
898 3050 1060 3136 μέγιστον
1081 3053 1134 3121 καί

119 3155 228 3238 ἀληθῆ
257 3155 362 3238 μόνον
389 3150 649 3239 ἀποκαλοῦντες,
675 3159 755 3234 τοὺς
782 3156 812 3222 δ’
838 3159 960 3236 ἀλλους
988 3161 1134 3246 ὀνόματα

118 3262 182 3326 ὑπὸ
216 3260 345 3344 φαύλης
375 3254 431 3321 καί
459 3257 603 3341 ἀνοήτου
630 3261 728 3343 δόξης
753 3263 965 3349 πεποιημένα.
1012 3274 1134 3334 συλλα-

117 3368 235 3449 βόντες
258 3362 288 3429 δ’
310 3363 421 3427 αὐτῶν
442 3361 498 3427 καί
521 3367 599 3442 τοὺς
619 3366 792 3451 προφήτας
810 3368 1016 3457 ἀπέκτειναν,
1036 3371 1165 3439 Ἠλίαν

190 3489 272 3549 §340
292 3482 445 3552 =3Reg.
463 3483 554 3539 XVIII
568 3491 611 3543 28.
