2400 3840
512 107 637 157 ΟΓΔΟΗ
1015 108 1081 171 243

64 271 163 326 τοῦτο
187 263 456 348 παραινέσαντος.
500 268 564 350 ἔφη
588 262 625 330 δέ
647 263 702 330 καὶ
725 276 770 354 τῷ
794 271 925 351 βασιλεῖ
945 272 1080 355 πορεύε-

64 376 147 433 σθαι
166 372 249 454 πρὸς
267 372 403 457 ἀριστον
421 369 526 456 μηδὲν
545 375 593 437 ἔτι
612 375 851 459 φροντίσαντα·
875 371 943 457 μετ’
965 375 1081 457 ὀλίγον

62 476 127 561 γὰρ
147 478 291 553 ὄψεσθαι
310 481 369 544 τὸν
387 481 471 544 θεὸν
489 478 601 544 ύοντα.
633 478 744 562 <344>
758 476 814 544 καὶ
832 480 849 545 ὁ
869 475 1081 563 μέν”Αχαβος

62 582 247 666 ἀπηλλάγη,
268 581 382 662 Ἠλίας
401 583 432 648 δ’
453 582 506 650 ἐπὶ
524 587 562 651 τὸ
581 585 788 671 ἀκρωτήριον
806 594 866 651 τοῦ
884 589 1080 672 Καρμηλίου

26 689 190 772 εάναβάς
217 692 317 775 ὄρους
344 687 399 756 καλ
425 695 568 768 καθίσας
595 689 649 756 ἐπὶ
676 700 734 775 τῆς
757 701 817 775 γῆς
840 695 1079 777 προσηρείσατο

60 807 133 871 τοῖς
156 798 274 877 γόνασι
296 797 359 879 τήν
381 799 541 881 κεφαλήν,
564 799 624 862 τὸν
642 794 680 862 δὲ
698 797 890 883 θεράποντα
909 795 1080 863 ἐκέλευσεν

60 901 250 967 ἀνελθόντα
273 900 330 967 έπί
350 926 425 968 τινα
448 904 575 986 σκοπήν
598 905 646 980 είς
668 904 730 986 τήν
751 903 923 968 θάλατταν
941 903 1080 987 ἀποβλέ-

58 1030 153 1090 πειν,
184 1007 247 1073 κάν
280 1010 336 1093 ῖδη
366 1007 512 1093 νεφέλην
544 1008 757 1096 ἐγειρομένην
786 1006 910 1093 ποθέν,
942 1011 1080 1096 φράζειν

60 1113 164 1199 αὐτῷ·
188 1113 283 1201 μέχρι
301 1115 365 1200 γάρ
384 1117 456 1180 τότε
474 1121 613 1203 καθαρῷ
632 1110 718 1180 είναι
738 1113 914 1199 συνέβαινε
932 1124 978 1202 τῷ
997 1114 1079 1202 ἀέρι.

10 1245 40 1284 ιο
59 1220 171 1303 <345>
189 1229 249 1285 τοῦ
269 1218 300 1284 δ’
317 1220 503 1304 ἀναβάντος
520 1218 575 1285 καὶ
594 1221 753 1298 πολλάκις
772 1217 876 1305 μηδὲν
895 1221 978 1306 ὁρᾶν
995 1223 1079 1305 φρά-

60 1343 195 1409 σαντος,
223 1325 367 1410 ἕβδομον
392 1327 463 1410 ήδη
479 1327 620 1410 βαδίσας
643 1325 816 1414 ἑορακέναι
839 1329 1079 1411 μελαινόμενον

61 1425 136 1494 εἶπέ
155 1455 187 1496 τι
210 1441 270 1497 τοῦ
293 1428 400 1518 ἀέρος,
423 1431 464 1497 ού
486 1431 590 1499 πλέον
609 1439 723 1518 ῖχνους
741 1432 969 1518 ἀνθρωπίνου.
1007 1431 1075 1499 ὁδ’

55 1534 173 1614 Ἠλίας
188 1535 280 1603 ταῦτ’
297 1538 441 1615 ἀκούσας
455 1536 574 1624 πέμπει
588 1541 672 1625 πρὸς
685 1541 745 1605 τὸν
759 1537 915 1624 Ἄχαβον,
933 1541 1078 1605 κελεύων
1117 1544 1118 1549 ’

22 1627 24 1631 ’
57 1643 163 1708 αὐτὸν
186 1645 234 1720 είς
256 1644 317 1726 τήν
339 1646 439 1710 πόλιν
461 1643 664 1730 ἀπέρχεσθαι
686 1642 768 1731 πρὶν
791 1643 1077 1733 ήκαταρραγήναι

10 1774 37 1814 ιε
56 1751 119 1813 τὸν
149 1751 286 1835 όμβρον.
331 1748 440 1833 <346>
467 1746 523 1813 καλ
553 1749 571 1814 ὃ
599 1746 661 1833 μὲν
688 1751 736 1826 είς
762 1747 952 1836 Ἰεσράηλαν
977 1753 1077 1816 πόλιν

55 1858 291 1940 παραγίνεται,
320 1852 389 1939 μετ’
415 1853 456 1920 οὐ
483 1858 569 1920 πολὺ
596 1851 634 1919 δὲ
660 1863 733 1944 τοῦ.
749 1852 847 1941 ἀέρος
874 1855 1077 1939 ἀχλύσαντος

55 1958 114 2024 καὶ
139 1959 255 2045 νέφεσι
277 1959 510 2045 καλυφθέντος
531 1961 662 2046 πνεῦμά
684 1985 720 2026 τε
743 1961 870 2047 λάβρον
895 1959 1075 2041 ἐπιγίνεται

55 2064 114 2130 καὶ
141 2071 245 2144 πολὺς
272 2070 404 2154 όμβρος.
450 2067 468 2133 ὁ
497 2065 535 2132 δὲ
557 2069 729 2154 προφήτης
752 2070 875 2144 ἔνθους
897 2069 1077 2151 γενόμενος

55 2183 104 2261 τῷ
131 2183 191 2238 τοῦ
219 2172 380 2258 βασιλέως
407 2174 527 2259 ἀρματι
550 2172 645 2261 μέχρι
668 2183 726 2258 τής
746 2172 931 2260 Ἰεσραήλας
951 2171 1075 2259 Ἰζάρου

10 2304 39 2344 νο
55 2282 185 2356 πόλεως
208 2278 402 2365 συνέδραμε.

126 2387 236 2470 <347>
264 2393 419 2470 μαθοῦσα
446 2384 477 2449 δ’
503 2386 524 2469 ή
552 2395 611 2451 τοῦ
636 2384 777 2471 Ἀχάβου
804 2386 890 2469 γυνή
915 2383 1074 2469 Ἰεζαβέλη
1095 2408 1110 2456 7

56 2491 98 2555 τά
122 2514 157 2555 τε
180 2501 298 2574 σημεῖα
320 2492 360 2556 τά
378 2491 444 2556 ὑπὸ
462 2499 523 2555 τοῦ
539 2488 657 2555 Ἠλίου
675 2494 837 2575 γενόμενα
855 2487 910 2556 καλ
929 2491 980 2556 ότι
998 2495 1076 2568 τοὺς

55 2599 231 2682 προφήτας
258 2597 360 2681 αύτής
387 2593 592 2679 ἀπέκτεινεν,
624 2595 820 2680 ὀργισθεῖσα
846 2593 966 2679 πέμπει
993 2599 1075 2683 πρὸς

57 2704 162 2769 αὐτὸν
180 2703 351 2788 ἀγγέλους,
370 2702 550 2768 ἀπειλοῦσα
567 2698 612 2765 δι’
629 2698 740 2766 αὐτῶν
754 2699 948 2766 ἀποκτενεῖν
962 2701 1074 2784 αὐτόν,

15 2829 41 2870 25
57 2811 102 2886 ὡς
130 2809 281 2886 κάκεῖνος
308 2811 386 2886 τοὺς
413 2809 585 2894 προφήτας
612 2805 714 2891 αύτής
740 2803 919 2871 ἀπολέσειε.
964 2804 1074 2888 <348>

56 2913 222 3000 φοβηθεὶς
245 2912 276 2979 δ’
300 2915 318 2979 ὁ
339 2912 454 2990 Ἠλίας
477 2914 593 2997 φεύγει
617 2914 665 2990 είς
687 2915 787 2978 πόλιν
809 2906 999 2997 Βηρσουβεέ
1022 2916 1073 2976 λε-

55 3020 203 3106 γομένην
236 3018 300 3107 (ἐπ’
332 3019 468 3105 ἐσχάτης
496 3016 527 3083 δ’
559 3020 648 3084 ἔστιν
676 3018 758 3102 αὕτη
784 3027 843 3101 τής
870 3018 978 3103 χώρας
1005 3027 1074 3082 τῶν

54 3128 117 3211 τήν
138 3125 247 3193 Ἰούδα
275 3127 388 3212 φυλήν
415 3124 560 3211 ἐχόντων
581 3126 663 3190 κατὰ
685 3125 747 3208 τήν
766 3122 961 3208 Ἰδουμαίαν
983 3121 1073 3211 γῆν),

54 3235 247 3299 καταλιπὼν
270 3231 301 3297 δ’
324 3231 391 3298 ἐκεῖ
411 3234 471 3299 τὸν
493 3231 685 3317 θεράποντα
707 3233 755 3308 είς
777 3232 838 3314 τήν
865 3232 988 3317 ἔρημον
1016 3229 1073 3295 ἀν·
1151 3251 1154 3254 ’

14 3358 41 3398 ⁸0
55 3342 232 3427 εχώρησεν.
269 3339 446 3425 εὐξάμενος
469 3336 500 3403 δ’
526 3338 712 3404 ἀποθανεῖν
735 3335 790 3422 (ού
814 3339 878 3423 γάρ
902 3337 943 3422 δή
965 3340 1071 3424 κρείτ-

129 3467 212 3527 ςειι
231 3488 265 3507 =
285 3462 384 3529 επις.
403 3459 495 3514 XVIII
509 3465 551 3514 ιε.

871 3547 931 3602 m*
