2400 3840
1170 40 1180 136 λ

122 138 187 203 286
505 139 777 190 εεεειοεουιεε

121 300 243 385 μέρους
266 300 437 365 ἐκέλευσεν
457 300 489 378 ἐξ
508 300 619 364 αὐτῶν
638 299 820 383 ἀναστῆσαι
839 305 999 385 βουνούς.
1041 305 1143 386 <129>

121 406 304 492 γευομένου
323 404 361 472 δέ
378 408 498 471 τούτου
518 404 572 490 ἀμ’
594 404 698 492 ἡμέρᾳ
716 408 869 492 πρόεισιν
888 408 1073 493 ὀψόμενος,
1096 407 1144 474 καὶ

121 515 328 598 θεασάμενος
350 511 470 596 ἤρξατο
494 514 577 595 πρὸς
599 514 659 577 τὸν
681 515 830 597 παρόντα
856 516 942 578 λαὸν
966 513 1083 596 λέγειν
1106 517 1145 591 ὡς

121 618 221 695 αὐτὸς
248 615 309 702 μέν
336 616 389 682 ε’πὶ
417 619 476 681 τὸν
499 618 663 698 δεσπότην
689 619 750 682 τὸν
777 618 880 682 αὑτοῦ
904 623 1144 704 στρατεύσαιτο

120 724 275 790 κάκεῖνον
308 723 524 806 ἀποκτείνειε,
557 723 695 799 τούτους
727 721 758 787 δ’
791 724 852 788 οὐκ
885 724 988 801 αὐτὸς
1022 726 1162 792 ἀνέλοιι

121 833 319 913 γιγνώσκειν
347 828 378 894 δ’
404 829 525 906 αὐτοὺς
551 828 647 911 ἠξίου
674 827 750 914 περὶ
776 839 836 913 τῆς
856 827 1001 914 Ἀχάβου
1030 844 1144 915 γενεᾶς

121 937 171 1002 ὅτι
194 936 302 1001 πάντα
324 937 406 1000 κατά
429 935 490 1018 την
512 943 573 1000 τοῦ
596 941 680 999 θεοῦ
702 939 910 1020 προφητείαν
934 934 1068 1022 γέγονε,
1092 937 1142 1004 καλ

121 1043 139 1107 δ
154 1038 244 1118 οἶκος
258 1041 372 1124 αὐτοῦ,
390 1043 504 1118 καθὼς
515 1039 629 1118 Ἠλίας
646 1052 814 1127 προεῖπεν,
832 1041 997 1109 ἀπόλωλε.
1034 1047 1141 1128 <130>

120 1149 409 1232 προσδιαφθείρας
442 1144 478 1212 δὲ
509 1145 565 1213 καὶ
596 1150 675 1225 τοὺς
706 1149 794 1233 παρὰ
823 1158 895 1224 τοῖς
923 1146 1140 1234 Ἰσραηλίταις

121 1252 320 1339 εὑρεθέντας
343 1253 378 1319 ἐκ
401 1263 459 1338 τῆς
478 1252 619 1338 Ἀχάβου
642 1256 836 1336 συγγενείας
864 1255 977 1332 ἱππεῖς
1004 1259 1053 1334 είς
1075 1262 1137 1321 Σα-
1149 1274 1165 1312 1⁰

120 1362 260 1448 μάρειαν
280 1360 461 1447 ἐπορεύετο.
498 1362 580 1425 κατά
595 1357 632 1424 δὲ
650 1361 712 1443 την
730 1360 811 1425 ὁδὸν
829 1371 900 1436 τοῖς
914 1358 1043 1445 Ὀχοζία
1062 1381 1136 1447 συμ

120 1470 233 1550 βαλὼν
261 1470 409 1550 οἰκείοις,
439 1476 499 1532 τοῦ
527 1465 695 1556 βασιλέως·
714 1478 781 1531 τῶν
799 1465 1058 1553 Ἱεροσολύμων,
1085 1470 1134 1533 ἀν·

121 1572 251 1657 έκρινευ
274 1573 395 1650 αὐτοὺς
418 1575 452 1637 τί
473 1574 515 1654 δή
537 1596 616 1637 ποτε
639 1571 870 1658 παρεγένοντο.
914 1575 1027 1658 <131>
1053 1579 1087 1640 οἳ
1104 1571 1131 1638 δ’

120 1679 346 1764 ἀσπασόμενοί
366 1677 394 1744 τ’
418 1678 576 1766 Ἰώραμον
598 1677 653 1743 καλ
676 1681 735 1744 τὸν
758 1678 869 1743 αὑτῶν
891 1680 1035 1762 βασιλέα
1055 1680 1132 1765 Ὀχο-

121 1789 192 1864 ζίαν
210 1787 302 1870 η’κειν
322 1788 481 1869 ἔφασκον·
505 1785 627 1870 οὐγὰρ
646 1783 769 1870 ᾔδεσαν
788 1784 909 1861 αὐτοὺς
928 1785 1158 1874 ἀμφοτέρουςῦ

119 1891 175 1958 ὑπ’
198 1893 300 1958 αὐτοῦ
324 1891 601 1979 πεφονευμένους.
640 1889 745 1974 Ἰηοῦς
763 1888 800 1956 δὲ
823 1889 878 1955 καὶ
896 1893 1041 1971 τούτους
1064 1898 1133 1959 συλ-

83 2045 86 2050 .
119 1998 310 2083 ληφθέντας
329 1999 550 2084 ἀναιρεθῆναι
568 1996 778 2082 προσέταξεν,
796 1999 896 2073 ὄντας
913 1999 974 2062 τὸν
991 1997 1133 2084 ἀριθμὸν

119 2106 357 2189 τετταράκοντα
381 2106 451 2168 δύο.

83 2229 98 2276 6
186 2211 293 2290 (132)
318 2219 465 2293 συναντᾷ
489 2207 521 2272 δ’
543 2209 630 2295 αὐτῷ
649 2211 729 2291 μετά
747 2210 886 2286 τούτους
904 2209 990 2294 ἀνὴρ
1011 2211 1134 2294 ἀγαθὸς

118 2309 172 2401 καλ
196 2313 338 2392 δίκαιος,
359 2310 557 2397 Ἰωνάδαβος
580 2316 699 2397 ὄνομα,
727 2319 824 2399 φίλος
847 2315 935 2402 αὐτῷ
960 2317 1065 2382 πάλαι
1087 2332 1167 2399 γε-λῡ

118 2418 235 2501 γονάς,
254 2418 291 2494 ὃς
310 2417 539 2501 ἀσπασάμενος
555 2417 657 2482 αὐτὸν
672 2418 821 2486 ἐπαινεῖν
834 2420 954 2506 ἤρξατο
969 2432 1016 2509 τῷ
1031 2423 1134 2487 πάντα

118 2523 330 2609 πεποιηκέναι
357 2526 439 2590 κατά
462 2519 623 2608 βούλησιν
651 2535 711 2590 τοῦ
739 2532 838 2610 θεοῦ,
866 2527 927 2608 τὴν
956 2530 1069 2594 οίκίαν
1091 2528 1135 2605 ἐξ·

118 2637 327 2718 ἀφανίσαντα
341 2633 402 2717 τὴν
415 2631 564 2718 Ἀχάβου.
602 2633 711 2716 <133>
727 2629 831 2714 Ἰηοῦς
846 2629 876 2696 δ’
893 2631 1066 2716 ἀναβάντα
1087 2632 1134 2700 ἐπὶ

116 2742 154 2805 τὸ
178 2743 265 2826 ἀρμα
289 2747 520 2807 συνεισελθεῖν
543 2741 646 2805 αὐτὸν
670 2742 716 2814 είς
735 2740 930 2824 Σαμάρειαν
947 2743 1135 2826 παρεκάλει,

117 2844 224 2928 λέγων
247 2847 422 2924 ἐπιδείξειν
444 2859 513 2922 πῶς
536 2847 674 2922 οὐδενὸς
697 2849 846 2928 φείσεται
866 2856 1029 2931 πονηροῦ,
1055 2848 1135 2914 ἀλλά
1147 2861 1167 2901 25

115 2950 170 3015 καὶ
194 2955 271 3028 τοὺς
293 2954 572 3037 ψευδοπροφήτας
594 2950 648 3015 καὶ
672 2955 749 3028 τοὺς
771 2953 960 3038 ψευδιερεῖς
983 2951 1135 3029 καὶτοὺς

116 3056 380 3142 ἐξαπατήσαντας
406 3060 443 3122 τὸ
472 3062 615 3139 πλῆθος,
647 3058 692 3134 ὡς
719 3058 781 3140 τὴν
807 3055 868 3143 μέν
893 3068 953 3123 τοῦ
977 3065 1136 3143 μεγίστου

116 3170 200 3229 θεοῦ
223 3155 405 3249 θρησκείαν
429 3161 674 3243 ἐγκαταλείπειν
699 3165 778 3239 τοὺς
801 3160 838 3228 δὲ
862 3162 1012 3241 ξενικοὺς
1034 3185 1135 3252 προσ-

116 3283 245 3353 κυνεῖν,
269 3270 499 3355 τιμωρήσεται·
523 3268 700 3333 κάλλιστον
720 3266 750 3332 δ’
772 3264 857 3333 εἶναι
881 3269 1059 3354 θεαμάτων
1081 3270 1135 3336 καὶ

116 3375 253 3454 ἥδιστον
276 3371 374 3458 ἀνδρὶ
397 3384 525 3462 χρηστῷ
549 3372 603 3438 καὶ
628 3374 744 3462 δικαίῳ
768 3374 1009 3458 κολαζομένους
1032 3398 1133 3459 πονη-
1146 3392 1169 3432 ³⁰

187 3500 267 3557 §129
288 3520 321 3538 =
341 3493 519 3563 4Reg.x9.

89 3745 186 3762 ᾤ
