2400 3840
84 148 149 214 228
455 144 728 199 εεειιοιουιεε
846 127 850 137 ’

85 313 269 396 συμβαλεῖν
291 312 415 394 ἔμελλε,
438 310 517 385 στὰς
535 304 589 392 ἐφ’
609 306 741 389 ύῦηλοῦ
759 306 853 381 τινὸς
877 307 988 370 τόπου
1006 301 1100 389 Ἀβίας

84 416 140 484 καὶ
162 427 201 504 τῇ
224 414 310 502 χειρὶ
328 418 523 491 κατασείσας
539 415 577 479 τὸ
597 418 728 496 πλῆθος
745 407 802 476 καί
820 412 884 475 τὸν
898 405 1102 496 Ἱεροβόαμον

86 525 225 590 ἀκοῦσαι
253 532 386 608 πρῶτον
414 521 518 588 αὐτοῦ
545 516 621 604 μεθ’
651 518 791 603 ἡσυχίας
817 515 971 600 vigim(
1006 517 1103 600 <2λ6>

87 626 268 713 γενομένης
286 625 323 693 δέ
341 637 468 712 σιωπῆς
484 625 605 712 ἤρξατο
623 622 744 708 λέγειν.
789 622 853 689 εότι
873 620 941 706 μὲν
958 623 1025 706 την
1043 623 1105 706 ηγε-

9 719 11 722 ’
87 737 209 820 μονίαν
236 735 254 800 ὁ
277 736 358 811 θεὸς
379 734 514 825 Δαυίδη
540 730 596 799 καὶ
622 743 694 809 τοῖς
721 730 874 814 ἐκγόνοις
903 731 1015 803 αὐτοῦ
1041 750 1120 794 κατ-ι

87 841 223 907 ένευσεν
247 842 295 917 είς
318 842 446 906 ἅπαντα
465 841 592 927 χρόνον
615 835 689 904 οὐδ’
713 838 809 922 ὑμεῖς
830 836 1004 919 ἀγνοεῖτε·
1031 843 1107 901 θαυ·

88 947 176 1032 μάξω
209 943 246 1011 δὲ
273 955 343 1022 πῶς
372 945 574 1023 ἀποστάντες
605 945 732 1027 τούμοῦ
762 945 891 1028 πατρὸς
923 953 973 1032 τςό
1007 943 1106 1028 δούλγ

84 1051 280 1139 Ἱεροβοάμῳ
304 1050 531 1136 προσέθεσθε,
553 1049 609 1116 καὶ
631 1048 701 1135 μετ’
728 1049 858 1116 ἐκείνου
879 1050 1032 1136 πάρεστε
1053 1055 1107 1113 νῦν

88 1153 141 1221 ἐπὶ
164 1159 242 1234 τοὺς
263 1157 329 1224 ὑπὸ
352 1167 413 1224 τοῦ
440 1165 525 1223 θεοῦ
553 1158 743 1242 βασιλεύειν
769 1152 996 1240 κεκριμένους
1023 1159 1107 1220 πολε·
1139 1229 1140 1232 ¹

47 1255 54 1275 ”
89 1263 249 1349 μησοντες
271 1263 327 1330 καὶ
349 1265 411 1349 την
433 1264 539 1351 ἀρχὴν
560 1263 825 1350 ἀφαιρησόμενοι
849 1262 919 1346 την
946 1262 1133 1349 ὑπάρχου-ο

90 1387 161 1436 σαν.
202 1372 264 1455 την
282 1369 344 1457 μὲν
362 1374 425 1458 γάρ
442 1375 546 1437 πλείω
564 1369 661 1456 μέχρι
678 1378 744 1436 νῦν
757 1366 976 1454 Ἱεροβόαμος
996 1367 1108 1441 ἀδίκως

90 1478 170 1559 ἔχει·
198 1476 307 1559 <277>
330 1475 402 1543 ἀλλ’
429 1476 490 1542 οὐκ
517 1471 618 1561 οίμαι
631 1477 753 1559 ταύτης
779 1474 884 1541 αὐτὸν
907 1473 1108 1541 ἀπολαύσειν

91 1576 144 1643 ἐπὶ
166 1585 305 1646 πλείονα
323 1585 457 1668 χρόνον,
480 1582 564 1649 ἀλλά
583 1580 737 1660 δούςκαὶ
755 1587 817 1648 τοῦ
836 1582 1109 1665 παρεληλυθότος
1142 1597 1143 1660 j

91 1684 188 1766 δίκην
201 1694 246 1772 τῷ
265 1692 334 1775 θεςῦ
348 1688 509 1754 παύσεται
522 1697 583 1773 τῆς
595 1691 803 1773 παρανομίας
813 1683 873 1752 καὶ
884 1697 961 1752 τῶν
974 1687 1109 1772 ὕβρεων,
1142 1686 1144 1689 ’

91 1790 131 1868 ἃς
153 1791 194 1857 ού
217 1792 428 1861 διαλέλοιπεν
450 1798 499 1872 είς
521 1795 625 1861 αὐτὸν
642 1794 788 1880 ὑβρίζων
804 1789 860 1858 καί
877 1793 990 1858 ταύτὰ
1008 1798 1148 1861 ποιεῖνυεῂ

90 1897 177 1983 ύμάς
200 1897 438 1985 ἀναπεπεικώς,
466 1903 502 1965 οἳ
521 1896 626 1984 μηδὲν
653 1896 869 1981 ἀδικηθέντες
892 1898 966 1965 ὑπὸ
991 1900 1110 1983 τούμοῦ
1147 1932 1148 1935 “

91 2006 225 2089 πατρός,
250 2004 322 2071 ἀλλ’
349 2008 400 2072 ότι
422 2007 467 2090 μη
490 2008 573 2094 πρὸς
594 2005 723 2089 ἡδονὴν
746 2003 970 2086 ἐκκλησιάζων
995 2006 1110 2089 ὡμίλη-

92 2125 164 2190 σεν,
192 2109 382 2195 ἀνθρώπων
409 2123 567 2197 πονηρῶν
594 2114 781 2198 συμβουλίᾳ
803 2115 973 2194 πεισθείς,
1004 2111 1110 2194 ἐγκατ-

47 2288 49 2291 ,
86 2215 218 2276 ,ελίπετε
236 2211 298 2296 μὲν
317 2224 363 2302 τῷ
382 2217 494 2280 δοκεῖν
516 2216 572 2282 ὑπ’
595 2218 697 2303 ὀργῆς
719 2217 858 2300 ἐκεῖνον,
880 2228 956 2293 ταῖς
977 2215 1014 2281 ’δ’
1037 2217 1110 2298 ἀλη-

91 2317 202 2391 θείαις
228 2317 352 2395 αὑτοὺς
378 2320 442 2384 ἀπὸ
469 2330 530 2385 τοῦ
557 2328 641 2386 θεοῦ
667 2322 724 2389 καὶ
751 2334 818 2389 τῶν
842 2320 974 2388 ἐκείνου
1000 2327 1139 2408 νόμωκῦ

92 2421 307 2488 ἀπεσπάσατε.
353 2424 463 2509 <278>
484 2429 592 2491 καίτοι
615 2428 860 2512 συνεγνωκέναι
886 2434 999 2507 καλῶς
1028 2425 1111 2514 εἶχεν

91 2528 178 2614 ὑμᾶς
200 2530 242 2596 ού
265 2533 374 2616 λόγων
397 2536 502 2620 μόνον
525 2533 698 2600 δυσκόλων
720 2533 819 2620 ἀνδρὶ
841 2533 906 2624 νέῳ
929 2533 987 2600 καὶ
1011 2538 1110 2621 δημα-

91 2641 216 2722 γωγίας
239 2640 375 2733 ἀπείρῳ,
397 2639 470 2710 ἀλλ’
492 2644 523 2707 εί
543 2641 599 2708 καλ
622 2645 705 2727 πρός
720 2666 759 2731 τι
780 2638 938 2727 δυσχερὲς
956 2642 976 2725 ἡ
997 2647 1111 2725 νεότης

93 2746 197 2812 αὐτὸν
223 2748 278 2814 καὶ
305 2749 325 2833 ἡ
353 2750 482 2834 ἀμαθία
508 2757 576 2814 τῖον
598 2747 834 2834 πραττομένων
862 2747 978 2832 ε’ξῖγγεν
1003 2752 1112 2836 ἔργον,

93 2852 150 2915 διά
172 2876 210 2934 γε
233 2855 419 2938 Σολομῶνα
446 2858 506 2921 τὸν
527 2854 651 2940 πατέρα
677 2853 733 2920 καὶ
758 2856 817 2932 τὰς
840 2855 1033 2940 εὐεργεσίας
1055 2857 1141 2931 τάςό

93 2956 236 3022 ἐκείνου·
268 2963 468 3043 παραίτησιν
494 2962 557 3045 γὰρ
585 2956 672 3026 εἶναι
704 2963 758 3026 δεῖ
782 2971 841 3045 της
867 2972 936 3026 τῶν
964 2960 1112 3044 ἐκγόνων

93 3063 254 3147 ἁμαρτίας
275 3065 334 3138 τάς
356 3075 424 3128 τῶν
446 3063 596 3148 πατέρων
620 3066 778 3144 εὐποιίας.
823 3067 932 3151 <279>
955 3065 1054 3149 ὑμεῖς
1077 3063 1107 3130 δ’

95 3165 195 3233 οὐδὲν
221 3168 349 3232 τούτων
381 3168 580 3251 ἐλογίσασθε
612 3172 689 3236 ούτε
717 3176 792 3238 τότε
819 3174 896 3239 ούτε
924 3181 1004 3257 νῦν,
1038 3169 1108 3238 ἀλλ’

92 3274 187 3354 ἣκετε
206 3274 344 3358 στρατὸς
362 3270 415 3357 ἐφ’
436 3274 522 3358 ἡμεῖς
543 3284 711 3361 τοσοῦτος,
729 3281 797 3343 τίνι
814 3276 869 3344 καί
888 3279 1111 3353 πεπιστευκὼς

94 3375 170 3462 περὶ
193 3388 251 3462 τῆς
273 3380 380 3462 νίκης;
405 3377 426 3461 ἣ
449 3387 521 3458 ταῖς
543 3393 681 3468 χρυσαῖς
704 3384 864 3467 δαμάλεσι
886 3381 941 3448 καὶ
963 3395 1035 3460 τοῖς
1059 3380 1144 3449 έπίῦ

58 3481 60 3483 ’
167 3503 249 3564 εειο
269 3526 303 3561 =,
321 3499 562 3558 2Para1.xm4.

174 3740 220 3770 Δ
300 3751 344 3769 u„
