2400 3840
110 127 176 190 284
486 127 758 179 APXAIOAOHAS
1160 40 1172 154 δ

1170 211 1172 292 λ

111 289 254 372 ἀφῆκεν,
281 286 384 370 Ἰηοῦς
411 284 449 352 δὲ
471 285 650 372 προσέταξε
672 286 834 375 Βαδάκρφ
863 296 910 373 τῷ
940 295 1002 369 τῆς
1027 289 1131 372 τρίτης

80 383 87 393 ’
111 399 230 480 μοίρας
261 394 398 477 ἡγεμόνι
431 394 526 480 ῥῖψαι
559 397 618 459 τὸν
647 392 807 480 Ἰωράμου
839 395 964 479 νεκρὸν
998 397 1048 470 είς
1081 395 1133 459 τὸν

112 502 217 584 ἀγρὸν
234 504 294 566 τὸν
314 502 511 583 Ναβούθου,
530 500 722 585 ἀναμνήσας
740 499 843 564 αὐτὸν
861 509 921 582 τῆς
938 497 1040 566 Ἠλία
1059 523 1134 584 προ-

112 611 264 691 φητείας,
296 607 339 690 ἣν
364 604 488 695 Ἀχάβφ
521 616 566 694 τῷ
595 604 695 689 πατρὶ
724 606 828 672 αὐτοῦ
855 607 915 671 τὸν
945 606 1134 689 Νάβουθον

113 714 343 778 ἀποκτείναντι
361 714 625 798 προυφύτευσεν,
648 713 693 790 ὡς
715 711 885 778 ἀπολεῖται
904 712 1010 789 αὐτός
1028 737 1066 777 τε
1084 710 1153 778 καλε

112 822 150 884 τὸ
179 818 275 903 γένος
302 819 406 883 αὐτοῦ
434 817 471 882 ἐν
497 828 542 906 τῷ
570 817 700 902 ἐκείνου
726 821 848 906 χωρίφ·
881 818 1004 900 <120>
1034 829 1134 883 ταῦτα

114 928 176 1010 γάρ
208 927 428 1009 καθεζόμενος
459 927 602 990 ὄπισθεν
634 934 694 989 τοῦ
726 926 870 1009 ἀρματος
901 933 965 989 τοῦ
994 923 1134 1009 Ἀχάβου

114 1030 269 1113 λέγοντος
291 1027 429 1094 ἀκοῦσαι
449 1040 509 1095 τοῦ
527 1032 711 1116 προφήτου.
751 1027 806 1094 καλ
827 1029 867 1111 δὴ
887 1038 991 1095 τοῦτο
1012 1029 1132 1113 συνέβη

113 1134 271 1219 γενέσθαι
297 1136 379 1200 κατὰ
406 1136 468 1218 τὴν
489 1139 675 1223 πρόρρησιν
701 1136 763 1218 τὴν
788 1134 927 1200 ἐκείνου.
975 1140 1132 1210 πεσόντος

114 1240 144 1306 δ’
163 1238 333 1326 Ἰωράμου,
357 1242 469 1320 δείσας
491 1240 566 1328 περὶ
589 1251 648 1324 τῆς
671 1240 791 1306 ἑαυτοῦ
810 1244 976 1327 σωτηρίας
993 1241 1131 1327 Ὀχοζίας
1142 1261 1160 1300 10

113 1350 150 1413 τὸ
175 1350 262 1434 ἀρμα
282 1350 329 1426 είς
348 1347 462 1433 ἑτέραν
481 1347 563 1413 ὁδὸν
581 1346 741 1431 ἐξένευσε,
763 1349 926 1431 λήσεσθαι
947 1351 1012 1413 τὸν
1028 1347 1131 1430 Ἰηοῦν

114 1456 301 1539 ὑπολαβών.
347 1455 464 1536 <121>
494 1451 566 1519 ὅδ’
592 1453 766 1532 ἐπιδιώξας
793 1451 848 1518 καὶ
874 1456 1076 1539 καταλαβὼν
1098 1456 1130 1517 ἐν

114 1585 181 1624 τινι
195 1560 378 1644 προσβάσει
392 1558 547 1638 τοξεύσας
561 1562 689 1645 ἔτρωσε.
726 1560 916 1625 καταλιπὼν
935 1556 973 1624 δέ
993 1563 1033 1626 τὸ
1048 1562 1129 1646 άρμα

114 1664 168 1731 καὶ
188 1664 303 1749 ἐπιβάς
321 1667 409 1753 ἵππῳ
429 1668 546 1749 φεύγει
564 1667 624 1730 τὸν
640 1664 747 1748 Ἰηοῦν
769 1668 816 1743 είς
834 1667 1020 1750 Μαγεδδώ,
1043 1666 1131 1732 κάκεῖ

114 1775 382 1858 θεραπευόμενος
401 1770 469 1856 μετ’
487 1772 602 1855 ὀλίγον
621 1770 656 1837 ἐκ
674 1781 732 1856 τῆς
749 1777 877 1855 πληγῆς
894 1776 1045 1859 τελευτᾷ.
1081 1788 1159 1836 aco-1⁵

114 1876 247 1964 μισθελς
275 1876 305 1943 δ’
336 1881 384 1955 είς
407 1876 618 1964 Ἱεροσόλυμα
644 1887 703 1961 τῆς
733 1876 800 1942 ἐκεῖ
828 1885 936 1962 ταφῆς
965 1878 1130 1963 τυγχάνει,

114 1987 312 2069 βασιλεύσας
334 1982 395 2070 μὲν
420 1983 573 2050 ἐνιαυτὸν
596 1983 669 2066 ἕνα,
697 1985 842 2068 πονηρὸς
869 1978 906 2046 δέ
933 1980 988 2046 καὶ
1013 1988 1131 2069 χείρων

115 2101 175 2156 τοῦ
198 2095 321 2176 πατρὸς
344 2091 447 2155 αὐτοῦ
471 2093 657 2174 γενόμενος.

79 2213 96 2259 4
183 2198 300 2276 <122>
337 2204 397 2259 τοῦ
430 2193 461 2258 δ’
494 2192 580 2276 Ἰηοῦ
617 2197 828 2271 εἰσελθόντος
860 2196 907 2270 είς
936 2192 1132 2281 Ἰεσράελαν,

114 2296 345 2381 κοσμησαμένη
373 2298 393 2379 ἡ
418 2295 577 2380 Ἰεζαβέλα
608 2297 663 2362 καὶ
696 2310 799 2364 στᾶσα
831 2298 883 2364 ἐπὶ
911 2310 972 2365 τοῦ
999 2303 1131 2389 πύργου
1144 2319 1165 2358 υ

116 2401 237 2478 ’καλός
261 2397 331 2467 εἷπε
350 2402 483 2478 εδοῦλος
501 2403 519 2468 ὁ
539 2403 734 2481 ἀποκτείνας
754 2407 814 2471 τὸν
833 2407 1020 2489 δεσπότην.’
1065 2408 1083 2473 ὃ
1102 2405 1131 2472 δ’

115 2506 303 2593 ἀναβλέψας
334 2511 418 2595 πρὸς
450 2509 554 2592 αὐτὴν
586 2509 794 2577 ἐπυνθάνετό
826 2535 860 2577 τε
891 2515 942 2588 τίς
975 2519 1042 2596 είη,
1081 2511 1134 2579 καὶ

114 2620 304 2700 καταβᾶσαν
327 2618 420 2701 ύκειν
443 2619 525 2703 πρὸς
549 2617 651 2683 αύτὸν
675 2616 839 2701 ἐκέλευσε,
866 2615 921 2682 καὶ
944 2617 1041 2695 τέλος
1064 2633 1134 2697 τοῖς

116 2723 288 2809 εὐνούχοις
311 2724 510 2810 προσέταξεν
538 2725 641 2807 αὐτὴν
669 2723 732 2789 ἀπὸ
760 2733 819 2788 τοῦ
847 2726 978 2809 πύργου
1007 2729 1134 2809 βαλεῖν.

116 2831 233 2910 <123>
257 2829 507 2914 καταφερομένη
537 2829 566 2894 δ’
592 2832 655 2912 ἤδη
683 2834 721 2896 τό
747 2853 783 2894 τε
805 2841 913 2913 τεῖχος
935 2830 1135 2917 περιέρρανε
1148 2846 1169 2887 ²⁵

115 2945 160 3021 τῷ
184 2937 311 3018 αἵματι,
338 2933 393 2999 καλ
421 2943 674 3019 συμπατηθεῖσα
701 2937 766 3001 ὑπὸ
793 2947 861 3001 τῶν
888 2937 999 3000 ἵππων
1027 2939 1136 3015 οὕτως

116 3038 272 3104 ἀπέθανε.
318 3040 446 3103 τούτων
474 3039 514 3121 δὴ
539 3039 728 3123 γενομένων
756 3042 935 3126 παρελθὼν
957 3039 1063 3123 Ἰηοῦς
1088 3048 1136 3120 εἰς

116 3147 154 3209 τά
178 3148 327 3228 βασίλεια
351 3145 414 3209 σὺν
442 3154 512 3219 τοῖς
539 3148 652 3226 φίλοις
674 3143 794 3210 ἑαυτὸν
822 3145 936 3229 ἕκτης
962 3146 1046 3212 ὁδοῦ
1076 3150 1134 3214 ἀν-

116 3261 229 3315 εκτᾶτο
253 3261 323 3324 τοῖς
345 3246 373 3312 τ’
395 3250 508 3325 ἀλλοις
529 3246 583 3313 καὶ
607 3249 755 3335 τραπέζη.
799 3251 976 3334 προσέταξε
1001 3250 1039 3318 δὲ
1063 3267 1135 3332 τοῖς

115 3355 258 3431 οἰκέταις
276 3353 488 3439 ἀνελομένοις
507 3356 568 3437 τὴν
579 3353 760 3439 Ἰεζαβέλαν
773 3356 881 3434 θάψαι
897 3359 953 3422 διά
966 3360 1004 3423 τὸ
1019 3357 1132 3440 γένος·
1147 3377 1172 3417 ³0

187 3481 354 3539 §119=1¹
455 3477 491 3512 'V
509 3482 550 3532 ει.
