2400 3840
537 132 660 182 ENATH
1038 129 1102 194 291

85 294 216 374 βασιλεῖ
236 286 292 354 καὶ
314 299 473 376 προνοεῖν
497 290 601 355 αὐτοῦ
623 298 683 374 τῆς
706 293 869 375 σωτηρίας
891 289 946 356 καὶ
968 300 1027 375 τῆς
1050 291 1104 358 ἐπὶ

85 389 201 460 πλεῖον
224 395 336 482 ἀρχῆς.
377 393 477 461 ἔπειτ’
504 395 608 461 αὐτὸν
630 398 689 461 τὸν
712 394 849 480 βασιλέα
871 399 1022 481 τιμήσειν
1044 402 1105 464 τὸν

86 504 169 567 θεὸν
191 500 246 567 καλ
270 502 314 586 μη
337 505 528 588 παραβῆναι
552 505 630 578 τοὺς
653 500 818 579 Μωυσέος
841 506 966 588 νόμους
986 506 1105 570 δοῦναι

86 611 198 673 πίστιν
220 608 395 691 ἠνάγκασε.
441 609 551 692 <154>
574 606 630 673 καὶ
653 609 733 692 μετὰ
755 606 848 674 ταῦτ’
872 611 1105 696 εἰσδραμόντες

59 716 145 779 ετὸν
168 722 227 779 τοῦ
249 715 342 780 Βαάλ
365 710 470 798 οἷκον,
493 714 534 780 δν
557 717 707 780 Γοθολία
729 711 785 780 καὶ
809 715 893 801 ἀνὴρ
917 716 1019 798 αὐτῆς
1038 714 1105 782 Ἰώ-

87 844 189 906 ραμος
212 822 451 886 κατεσκεύασεν
478 819 531 906 ἐφ’
556 821 653 908 ύβρει
679 817 741 906 μὲν
768 829 828 886 τοῦ
856 825 998 908 πατρίου
1021 829 1105 888 θεοῦ

85 935 161 1012 τιμῇ
185 923 223 992 δὲ
244 936 305 993 τοῦ
325 926 476 1012 Ἀχάβου,
499 926 719 1012 κατέσκαψαν,
742 927 798 993 καὶ
821 929 881 993 τὸν
902 931 1020 1012 ἔχοντα
1043 929 1105 1012 τὴν

86 1034 271 1118 ἱερωσύνην
294 1033 397 1099 αὐτοῦ
420 1035 573 1098 Μααθάν
595 1031 801 1099 ἀπέκτειναν.
847 1032 956 1117 (155)
986 1033 1102 1118 τὴνδ’

86 1137 275 1224 ἐπιμέλειαν
306 1136 362 1204 καὶ
394 1139 549 1224 φυλακην
580 1148 640 1204 τοῦ
673 1141 765 1226 ίεροῦ
795 1150 866 1216 τοϊς
897 1141 1021 1227 ίερεῦσι
1049 1140 1105 1207 καλ

43 1271 71 1310 ιο
86 1247 242 1322 Λευίταις
275 1243 453 1330 ἐπέτρεψεν
481 1241 614 1322 Ἰώδαος
649 1245 732 1310 κατά
764 1245 825 1328 τὴν
844 1246 1012 1312 ’Δαυίδου
1044 1257 1104 1313 τοῦ

85 1349 246 1435 βασιλέως
260 1349 421 1435 διάταξιν,
438 1352 596 1428 κελεύσας
615 1349 737 1428 αὐτοὺς
755 1349 808 1428 δλς
821 1359 880 1434 τῆς
893 1350 1018 1437 ἡμέρας
1037 1351 1105 1417 έπι-

86 1455 202 1543 φέρειν
218 1459 276 1534 τὰς
290 1459 530 1542 νενομισμένας
547 1468 615 1523 τῶν
635 1457 891 1524 ὁλοκαυτώσεων
909 1459 1033 1534 θυσίας
1050 1456 1106 1522 καὶ

86 1570 215 1648 θυμιᾶν
233 1549 428 1640 ἀκολούθως
446 1570 491 1651 τῷ
508 1565 610 1652 νόμῳ.
647 1560 797 1639 ἀπέδειξε
816 1558 853 1627 δέ
871 1572 939 1627 τῶν
953 1565 1105 1628 Λευιτῶν

85 1671 179 1747 τινάς
201 1667 257 1734 καὶ
279 1672 455 1754 πυλωροὺς
480 1665 533 1733 ἐπὶ
557 1674 689 1753 φυλακῇ
708 1678 768 1734 τοῦ
786 1665 954 1753 τεμένους,
978 1669 1023 1746 ώς
1045 1693 1105 1753 μη-

44 1798 70 1837 15
86 1775 166 1841 δένα
189 1773 413 1860 μεμιασμένον
434 1771 590 1861 παριέναι
613 1774 836 1839 λανθάνοντα.

153 1883 271 1966 <156>
294 1881 422 1946 τούτων
445 1877 476 1945 δ’
502 1879 622 1945 ἕκαστα
645 1878 814 1963 διατάξας,
838 1882 1009 1964 μετὰτῶν
1032 1879 1139 1946 {xa-5

78 1988 276 2074 τοντάρχων
297 1984 353 2052 καὶ
375 1985 550 2071 ἡγεμόνων
571 1983 627 2051 καὶ
650 1993 710 2051 τοῦ
734 1990 817 2050 λαοῦ
840 1987 964 2062 παντὸς
987 1983 1022 2051 έκ
1045 1995 1105 2051 τοῦ

87 2095 178 2180 ἱεροῦ
205 2093 408 2179 παραλαβὼν
434 2093 508 2175 άγει
534 2093 594 2157 τὸν
619 2087 754 2156 Ἰώασον
783 2092 831 2168 είς
857 2092 895 2156 τὸ
923 2094 1105 2176 βασίλειον,

85 2199 141 2265 καὶ
164 2202 366 2276 καθίσαντος
389 2199 437 2273 είς
458 2199 519 2263 τὸν
541 2199 715 2282 βασιλικὸν
738 2200 867 2282 θρόνον
889 2196 1107 2283 έπηυφημησέ

44 2327 72 2367 ιο
86 2330 121 2371 τε
144 2308 181 2370 τὸ
204 2311 345 2388 πλῆθος,
367 2300 423 2369 καλ
445 2304 529 2392 πρὸς
552 2304 694 2388 εὐωχίαν
712 2300 890 2391 τραπέντες
909 2302 962 2370 έπλ
980 2307 1105 2382 πολλάς

87 2411 256 2496 ἑώρτασαν
278 2408 413 2495 ἡμέρας·
440 2409 461 2493 ἡ
484 2408 599 2495 μέντοι
626 2433 664 2492 νε
686 2412 782 2488 πόλις
811 2408 864 2475 ἐπὶ
889 2420 934 2498 τῷ
957 2411 1019 2494 τὴν
1042 2414 1104 2476 Γο-

87 2520 209 2582 θολίαν
223 2516 409 2582 ἀποθανεῖν
421 2515 564 2599 ἡσυχίαν
577 2516 710 2599 ἤγαγεν.
740 2516 849 2599 <157>
859 2509 903 2599 ἦν
917 2513 948 2580 δ’
962 2514 1104 2600 Ἰώασος,

88 2625 141 2689 ὅτε
163 2624 225 2706 τὴν
248 2624 421 2706 βασιλείαν
443 2619 640 2705 παρέλαβεν,
664 2618 747 2685 έτών
770 2617 861 2702 ἑπτά,
883 2620 989 2705 μήτηρ
1009 2618 1040 2685 δ’
1061 2616 1104 2702 ἦν

87 2731 175 2818 αὐτῷ
194 2732 231 2795 τὸ
246 2725 307 2813 μὲν
321 2730 427 2812 ὄνομα
441 2728 563 2810 Σαβία,
580 2725 739 2810 πατρίδος
758 2720 795 2789 δὲ
809 2722 988 2810 Βηρσαβεέ.
1024 2731 1104 2790 πολ-

44 2856 71 2896 25
87 2837 149 2919 λην
173 2834 204 2901 δ’
231 2834 406 2917 ἐποιήσατο
429 2843 498 2898 τών
520 2834 671 2917 νομίμων
694 2830 848 2917 φυλακὴν
869 2827 926 2894 καλ
948 2827 1025 2915 περὶ
1042 2831 1104 2912 τὴν

86 2951 146 3008 τοῦ
169 2949 254 3008 θεοῦ
277 2943 461 3027 θρησκείαν
483 2940 677 3024 φιλοτιμίαν
703 2938 793 3025 παρά
815 2936 923 3002 πάντα
945 2938 1005 3001 τὸν
1026 2938 1104 3024 χρό-

86 3071 149 3113 νον
175 3048 216 3114 δν
243 3044 413 3123 δἸώδαος
441 3043 588 3129 έβιώσεν.
634 3043 754 3128 <158>
782 3045 881 3128 ἔγημε
907 3038 945 3108 δδ
966 3039 1022 3106 καὶ
1045 3065 1104 3124 νυ-

87 3165 203 3232 υαῖκας
217 3154 279 3219 δύο
293 3151 473 3238 παρελθὼν
487 3153 534 3229 είς
547 3150 690 3234 ἡλικίαν,
710 3151 828 3226 δύντος
841 3156 902 3214 τοῦ
916 3145 1103 3233 ἀρχιερέως,
1123 3230 1126 3236 Α

88 3259 121 3338 ἐξ
145 3254 193 3325 ών
215 3257 271 3325 καὶ
294 3259 431 3346 ἀρρενες
453 3256 541 3344 αὐτῷ
563 3253 619 3321 καὶ
642 3257 775 3339 θήλειαι
800 3252 1102 3336 παῖδεςένένοντο.

161 3405 176 3464 ς
192 3402 243 3453 154
263 3394 538 3465 =4Reg.XI1s;
557 3400 573 3448 ι
593 3393 684 3447 paral.
704 3392 794 3446 xxm
814 3397 856 3447 ιτ.
965 3397 1048 3458 §157
1068 3417 1102 3437 =

88 3493 104 3541 2
119 3487 211 3542 Paral.
226 3485 317 3541 XXIV
332 3492 356 3539 1.

905 3565 962 3620 W*
