2400 3840
107 159 151 223 94
479 155 752 209 ΑΡΧΔΙΟΔΟΓΙΑΣ

107 323 297 406 ληψόμενόν
320 344 355 385 τε
378 321 439 404 τήν
457 320 555 406 χάριν
573 316 627 384 καὶ
645 315 829 403 παρέξοντα
848 316 908 399 τήν
929 313 1128 397 ἀσφάλειαν,

109 432 156 506 είς
175 433 336 515 Χεβρῶνα
358 426 590 514 παρεγένοντο,
612 422 667 490 καὶ
690 426 751 506 τήν
773 423 922 507 κεφαλήν
944 419 1127 497 ἐπιδείξαν-

107 559 161 612 τες
184 544 229 623 τῷ
246 536 380 619 Δαυίδχγ
403 534 464 616 τήν
484 530 655 616 Ἰεβόσθου
678 534 844 595 συνίστων
864 529 985 602 αὑτοὺς
1009 526 1054 601 ὡς
1074 527 1127 589 εύ-

108 666 189 718 νους
211 640 265 706 καὶ
288 643 348 706 τὸν
371 639 495 725 ἐχθρὸν
518 638 621 702 αὐτοῦ
639 634 694 702 καὶ
713 646 772 720 τῆς
790 637 959 720 βασιλείας
977 633 1126 712 ἀνταγω-

107 750 225 830 νιστήν
248 747 461 832 ἀνῃρηκότας.
506 744 594 827 <50>
617 743 635 809 ὃ
655 740 686 807 δ’
708 743 768 826 οὐχ
792 742 837 818 ὡς
859 743 996 823 ήλπιζον
1019 737 1151 812 ούτωςι

108 855 219 920 αὐτῶν
245 851 463 939 προσεδέξατο
491 845 649 936 τοῦργον,
682 847 754 915 ἀλλ’
781 850 882 914 είπών
911 843 948 910 “ὦ
974 845 1125 909 κάκιστοι

107 958 162 1024 καὶ
186 966 383 1043 παραχρῆμα
406 958 503 1039 δίκην
526 955 715 1039 ὑφέξοντες,
739 956 799 1021 ούκ
823 957 944 1036 ἔγνωτε
966 964 1037 1027 πῶς
1061 950 1124 1032 ἐγὼ

107 1066 166 1129 τὸν
189 1065 347 1128 Σαούλου
374 1062 480 1147 φονέα
507 1060 562 1127 καὶ
590 1065 649 1128 τὸν
676 1060 858 1146 κομίσαντά
885 1082 941 1144 μοι
964 1061 1024 1124 τὸν
1047 1080 1125 1141 χρυ-

108 1178 191 1234 σοῦν
215 1170 317 1234 αὐτοῦ
341 1167 508 1253 στέφανον
530 1169 717 1254 ἠμυνάμην,
740 1167 792 1232 καὶ
816 1164 907 1232 ταῦτ’
929 1165 1044 1252 ἐκείνῳ
1069 1186 1125 1248 χα-

108 1277 281 1361 ριζόμενον
303 1274 364 1358 τήν
387 1275 569 1360 ἀναίρεσιν,
593 1277 649 1340 ἵνα
672 1276 715 1359 μή
737 1273 948 1357 συλλάβωσιν
970 1271 1075 1336 αὐτὸν
1093 1271 1127 1334 οἱ
1140 1294 1162 1335 ιο

108 1381 273 1466 πολέμιοι;
301 1380 432 1465 <51>ή
460 1383 730 1466 μεταβεβλῆσθαί
754 1403 793 1464 με
820 1377 875 1443 καὶ
901 1375 1012 1462 μηκέτ’
1039 1373 1125 1442 εἶναι

107 1491 167 1552 τὸν
185 1489 288 1553 αὐτὸν
301 1488 546 1571 ὑπωπτεύσατε,
565 1487 610 1564 ὡς
627 1490 756 1572 χαίρειν
771 1486 968 1569 κακούργοις
983 1482 1125 1569 ἀνδράσι

107 1591 162 1658 καὶ
181 1593 317 1679 χάριτας
334 1593 523 1676 ἡγήσασθαι
537 1595 596 1669 τάς
613 1590 851 1679 κυριοκτόνους
868 1592 963 1676 ὑμῶν
980 1589 1126 1675 πράξεις,

108 1699 322 1785 ἀνῃρηκότων
350 1698 404 1766 ἐπὶ
431 1709 489 1783 τῆς
517 1699 620 1764 αὐτοῦ
642 1703 754 1782 κοίτης
780 1700 887 1784 ἀνδρα
915 1698 1046 1761 δίκαιον
1069 1693 1125 1760 καὶ

108 1805 233 1890 μηδένα
266 1802 370 1890 μηδὲν
401 1807 504 1871 κακὸν
537 1802 770 1891 εἰργασμένον,
801 1804 887 1886 ὑμᾶς
919 1798 956 1866 δὲ
984 1799 1041 1866 καὶ
1070 1803 1125 1866 διὰ
1140 1823 1164 1866 15

108 1919 233 1998 πολλῆς
256 1913 389 1990 εὐνοίας
410 1911 465 1978 καὶ
488 1921 584 1997 τιμῆς
607 1911 774 1996 ἐσχηκότα.
820 1910 907 1992 <52>
930 1909 983 1973 διὸ
1003 1909 1126 1973 δώσετε

108 2021 230 2101 ποινήν
252 2016 313 2103 μὲν
332 2019 421 2107 αύτῷ
439 2016 669 2101 κολασθέντες,
693 2018 790 2099 δίκην
809 2014 840 2080 δ’
862 2012 934 2100 ἐμοὶ
953 2023 1013 2079 τοῦ
1032 2017 1125 2098 νομί-

109 2142 225 2200 σαντες
256 2123 362 2206 ήδέως
394 2124 479 2202 έξειυ
506 2148 545 2209 με
572 2133 611 2208 τῇ
637 2122 808 2207 Ἰεβόσθου
839 2127 973 2205 τελευτή
1004 2130 1126 2186 τοῦτον

108 2229 251 2293 ἀνελεῖν·
280 2229 321 2292 ού
348 2230 411 2313 γάρ
440 2228 606 2294 ἐδύνασθε
633 2233 759 2312 μᾶλλον
782 2227 936 2310 ἀδικῆσαι
958 2227 1020 2310 τήν
1044 2226 1127 2311 ἐμήν

109 2332 210 2415 δόξαν
232 2332 252 2415 ή
275 2330 374 2398 τοῦθ’
399 2333 643 2417 ὑπολαβόντες.’
689 2331 781 2398 ταῦτ’
808 2335 911 2399 εἰπὼν
939 2342 1050 2397 πᾶσαν
1075 2335 1125 2396 αί-
1140 2355 1168 2394 νο

108 2441 184 2502 κίαν
203 2437 325 2514 αὐτοὺς
343 2438 554 2522 αἰκισάμενος
573 2439 777 2524 διεχρήσατο,
800 2438 856 2504 καὶ
878 2440 938 2521 τήν
955 2437 1126 2523 Ἰεβόσθου

108 2544 256 2629 κεφαλήν
275 2544 312 2610 έν
334 2554 380 2633 τῷ
396 2543 596 2633 Ἀβεννήρου
618 2547 712 2635 τάφῳ
734 2546 869 2612 πάντων
892 2545 1034 2623 ἀξιώσας
1053 2544 1126 2626 έκή-

109 2654 216 2717 δευσε.
1123 2633 1124 2637 ¹

74 2778 88 2824 2
176 2761 269 2843 <53>
301 2761 430 2825 τούτων
463 2749 507 2824 δέ
531 2769 662 2826 τοιοῦτο
696 2762 867 2844 λαβόντων
900 2757 1009 2841 τέλος,
1043 2753 1126 2840 ἧκον

109 2866 250 2941 άπαντες
263 2865 298 2931 οί
310 2875 369 2930 τοῦ
384 2872 467 2931 λαοῦ
482 2877 549 2930 τῶν
558 2864 721 2951 Ἑβραίων
735 2876 859 2949 πρῶτοι
874 2866 957 2950 πρὸς
970 2866 1126 2947 Δαυίδην
1140 2882 1167 2924 25

109 2975 156 3049 είς
174 2974 344 3056 Χεβρῶνα,
368 2973 458 3036 οἵτε
480 2975 644 3057 χιλίαρχοι
667 2968 722 3036 καὶ
746 2970 904 3054 ήγεμόνες
925 2971 1046 3052 αὐτῶν,
1070 2968 1126 3035 καὶ

107 3078 332 3164 παρεδίδοσαν
355 3077 486 3159 αὑτούς,
510 3078 571 3159 τήν
593 3076 622 3142 τ’
649 3078 785 3144 εύνοιαν
807 3077 850 3160 ἣν
869 3080 916 3141 ἔτι
939 3073 994 3140 καὶ
1013 3078 1126 3140 Σαού-

110 3189 170 3249 λου
191 3188 310 3263 ζῶντος
328 3177 419 3266 εἶχον
437 3183 521 3268 πρὸς
539 3183 642 3249 αὐτὸν
659 3185 976 3269 ὑπομιμνήσκοντες,
994 3179 1049 3246 καὶ
1064 3183 1127 3264 τήν

109 3291 208 3374 τιμήν
230 3291 476 3374 ήνιγενόμενον
498 3292 571 3354 τότε
594 3294 765 3374 χιλίαρχον
783 3300 941 3375 τιμῶντες
964 3287 1005 3352 οὐ
1024 3286 1127 3352 διέλι-

108 3418 183 3478 πον,
207 3396 257 3461 ὅτι
277 3420 311 3461 τε
330 3399 485 3480 βασιλεὺς
503 3396 568 3460 ὑπὸ
587 3404 646 3460 τού
665 3402 748 3460 θεοῦ
768 3397 823 3461 διά
842 3396 1046 3479 Σαμουήλου
1064 3403 1126 3458 τοῦ
1141 3414 1169 3453 σο

181 3520 250 3579 ςεο
271 3543 303 3561 =
323 3524 339 3573 ε
358 3517 420 3585 Reg
446 3518 484 3571 lv
500 3523 525 3571 9.
598 3517 1015 3582 §53=1Paral.x11-3.

549 3768 661 3792 *μ
