<?xml version="1.0" encoding="UTF-8"?>
<!DOCTYPE html PUBLIC "-//W3C//DTD XHTML 1.0 Transitional//EN"
    "http://www.w3.org/TR/xhtml1/DTD/xhtml1-transitional.dtd">
<html xmlns="http://www.w3.org/1999/xhtml" xml:lang="en" lang="en">
 <head>
  <title>
</title>
<meta http-equiv="Content-Type" content="text/html;charset=utf-8" />
  <meta name='ocr-system' content='tesseract 3.04.00' />
  <meta name='ocr-capabilities' content='ocr_page ocr_carea ocr_par ocr_line ocrx_word'/>
</head>
<body>
  <div class='ocr_page' id='page_1' title='image "./operaomniaposti03nabegoog_0163.png"; bbox 0 0 2400 3840; ppageno 0'>
   <div class='ocr_carea' id='block_1_1' title="bbox 506 128 1087 191">
    <p class='ocr_par' dir='ltr' id='par_1_1' title="bbox 506 128 1087 191">
     <span class='ocr_line' id='line_1_1' title="bbox 506 128 1087 191; baseline -0.002 -12"><span class='ocrx_word' id='word_1_1' title='bbox 506 128 658 179; x_wconf 79' lang='lat' dir='ltr'><strong>EBAOMH</strong></span> <span class='ocrx_word' id='word_1_2' title='bbox 1025 128 1087 191; x_wconf 88' lang='lat'><strong><em>111</em></strong></span> 
     </span>
    </p>
   </div>
   <div class='ocr_carea' id='block_1_2' title="bbox 25 286 1195 3559">
    <p class='ocr_par' dir='ltr' id='par_1_2' title="bbox 25 286 1195 3559">
     <span class='ocr_line' id='line_1_2' title="bbox 67 286 1089 373; baseline 0.002 -20"><span class='ocrx_word' id='word_1_3' title='bbox 67 289 177 353; x_wconf 85' lang='grc' dir='ltr'><strong><em>ὁτῶν</em></strong></span> <span class='ocrx_word' id='word_1_4' title='bbox 202 287 364 373; x_wconf 85' lang='grc' dir='ltr'><strong><em>Ἑβραίων</em></strong></span> <span class='ocrx_word' id='word_1_5' title='bbox 393 287 679 371; x_wconf 83' lang='grc' dir='ltr'><strong><em>βασιλεὺςπάλιν</em></strong></span> <span class='ocrx_word' id='word_1_6' title='bbox 707 286 757 365; x_wconf 81' lang='grc' dir='ltr'><strong><em>ἐπ’</em></strong></span> <span class='ocrx_word' id='word_1_7' title='bbox 783 289 887 354; x_wconf 83' lang='grc' dir='ltr'><strong><em>αὐτὸν</em></strong></span> <span class='ocrx_word' id='word_1_8' title='bbox 913 292 991 364; x_wconf 86' lang='grc' dir='ltr'><strong><em>τοὺς</em></strong></span> <span class='ocrx_word' id='word_1_9' title='bbox 1014 287 1089 373; x_wconf 87' lang='grc' dir='ltr'><strong><em>Ἀμ-</em></strong></span> 
     </span>
     <span class='ocr_line' id='line_1_3' title="bbox 66 393 1089 482; baseline 0 -22"><span class='ocrx_word' id='word_1_10' title='bbox 66 398 206 480; x_wconf 88' lang='grc' dir='ltr'><strong><em>μανίτας</em></strong></span> <span class='ocrx_word' id='word_1_11' title='bbox 233 396 398 476; x_wconf 80' lang='grc' dir='ltr'><strong><em>τοσαύτην</em></strong></span> <span class='ocrx_word' id='word_1_12' title='bbox 422 395 567 480; x_wconf 86' lang='grc' dir='ltr'><strong><em>δύναμιν</em></strong></span> <span class='ocrx_word' id='word_1_13' title='bbox 590 398 870 482; x_wconf 77' lang='grc' dir='ltr'><strong><em>συνηθροικότας,</em></strong></span> <span class='ocrx_word' id='word_1_14' title='bbox 894 393 1004 460; x_wconf 83' lang='grc' dir='ltr'><strong><em>οὐκέτι</em></strong></span> <span class='ocrx_word' id='word_1_15' title='bbox 1032 396 1089 460; x_wconf 86' lang='grc' dir='ltr'><strong><em>διά</em></strong></span> 
     </span>
     <span class='ocr_line' id='line_1_4' title="bbox 67 499 1088 586; baseline -0.001 -20"><span class='ocrx_word' id='word_1_16' title='bbox 67 511 268 586; x_wconf 75' lang='grc' dir='ltr'><strong><em>στρατηγῶν·</em></strong></span> <span class='ocrx_word' id='word_1_17' title='bbox 289 501 403 576; x_wconf 85' lang='grc' dir='ltr'><strong><em>αὐτοῖς</em></strong></span> <span class='ocrx_word' id='word_1_18' title='bbox 429 507 586 585; x_wconf 77' lang='grc' dir='ltr'><strong><em>πολεμεῖν</em></strong></span> <span class='ocrx_word' id='word_1_19' title='bbox 617 503 761 586; x_wconf 88' lang='grc' dir='ltr'><strong><em>έκρινεν,</em></strong></span> <span class='ocrx_word' id='word_1_20' title='bbox 795 499 867 568; x_wconf 82' lang='grc' dir='ltr'><strong><em>ἀλλ’</em></strong></span> <span class='ocrx_word' id='word_1_21' title='bbox 898 502 997 576; x_wconf 85' lang='grc' dir='ltr'><strong><em>αὐτὸς</em></strong></span> <span class='ocrx_word' id='word_1_22' title='bbox 1024 503 1088 566; x_wconf 82' lang='grc' dir='ltr'><strong><em>σὺν</em></strong></span> 
     </span>
     <span class='ocr_line' id='line_1_5' title="bbox 67 605 1087 693; baseline -0.002 -20"><span class='ocrx_word' id='word_1_23' title='bbox 67 607 178 692; x_wconf 88' lang='grc' dir='ltr'><strong><em>άπάση</em></strong></span> <span class='ocrx_word' id='word_1_24' title='bbox 200 617 239 692; x_wconf 80' lang='grc' dir='ltr'><strong><em>τή</em></strong></span> <span class='ocrx_word' id='word_1_25' title='bbox 268 608 408 691; x_wconf 78' lang='grc' dir='ltr'><strong><em>δυνάμει</em></strong></span> <span class='ocrx_word' id='word_1_26' title='bbox 438 608 557 692; x_wconf 86' lang='grc' dir='ltr'><strong><em>διαβάς</em></strong></span> <span class='ocrx_word' id='word_1_27' title='bbox 582 609 642 673; x_wconf 89' lang='grc' dir='ltr'><strong><em>τὸν</em></strong></span> <span class='ocrx_word' id='word_1_28' title='bbox 662 605 835 693; x_wconf 77' lang='grc' dir='ltr'><strong><em>Ἰορδάνην</em></strong></span> <span class='ocrx_word' id='word_1_29' title='bbox 861 609 1010 691; x_wconf 88' lang='grc' dir='ltr'><strong><em>ποταμὸν</em></strong></span> <span class='ocrx_word' id='word_1_30' title='bbox 1031 605 1087 672; x_wconf 81' lang='grc' dir='ltr'><strong><em>καὶ</em></strong></span> 
     </span>
     <span class='ocr_line' id='line_1_6' title="bbox 38 710 1137 799; baseline 0.001 -24"><span class='ocrx_word' id='word_1_31' title='bbox 38 714 259 796; x_wconf 80' lang='grc' dir='ltr'><strong><em>εὑπαντήσας</em></strong></span> <span class='ocrx_word' id='word_1_32' title='bbox 286 715 415 797; x_wconf 87' lang='grc' dir='ltr'><strong><em>αὐτοῖς,</em></strong></span> <span class='ocrx_word' id='word_1_33' title='bbox 448 714 600 792; x_wconf 78' lang='grc' dir='ltr'><strong><em>συνάψας</em></strong></span> <span class='ocrx_word' id='word_1_34' title='bbox 628 716 675 790; x_wconf 90' lang='grc' dir='ltr'><strong><em>είς</em></strong></span> <span class='ocrx_word' id='word_1_35' title='bbox 707 714 815 799; x_wconf 88' lang='grc' dir='ltr'><strong><em>μάχην</em></strong></span> <span class='ocrx_word' id='word_1_36' title='bbox 844 713 981 797; x_wconf 82' lang='grc' dir='ltr'><strong><em>ἐνίκησε.</em></strong></span> <span class='ocrx_word' id='word_1_37' title='bbox 1031 710 1087 778; x_wconf 79' lang='grc' dir='ltr'><strong><em>καὶ</em></strong></span> <span class='ocrx_word' id='word_1_38' title='bbox 1135 729 1137 733; x_wconf 72' lang='lat'>‘</span> 
     </span>
     <span class='ocr_line' id='line_1_7' title="bbox 67 817 1087 906; baseline -0.002 -22"><span class='ocrx_word' id='word_1_39' title='bbox 67 820 201 903; x_wconf 86' lang='grc' dir='ltr'><strong><em>ἀναιρεῖ</em></strong></span> <span class='ocrx_word' id='word_1_40' title='bbox 226 817 287 904; x_wconf 69' lang='grc' dir='ltr'><strong><em>μέν</em></strong></span> <span class='ocrx_word' id='word_1_41' title='bbox 315 821 426 885; x_wconf 84' lang='grc' dir='ltr'><strong><em>αὐτῶν</em></strong></span> <span class='ocrx_word' id='word_1_42' title='bbox 447 823 554 899; x_wconf 82' lang='grc' dir='ltr'><strong><em>πεζῶν</em></strong></span> <span class='ocrx_word' id='word_1_43' title='bbox 581 817 650 904; x_wconf 72' lang='grc' dir='ltr'><strong><em>μὲν·</em></strong></span> <span class='ocrx_word' id='word_1_44' title='bbox 674 822 722 898; x_wconf 85' lang='grc' dir='ltr'><strong><em>είς</em></strong></span> <span class='ocrx_word' id='word_1_45' title='bbox 744 819 900 906; x_wconf 79' lang='grc' dir='ltr'><strong><em>τέτταρας</em></strong></span> <span class='ocrx_word' id='word_1_46' title='bbox 922 819 1087 905; x_wconf 78' lang='grc' dir='ltr'><strong><em>μυριάδας</em></strong></span> 
     </span>
     <span class='ocr_line' id='line_1_8' title="bbox 68 923 1086 1011; baseline -0.001 -21"><span class='ocrx_word' id='word_1_47' title='bbox 68 925 195 990; x_wconf 79' lang='grc' dir='ltr'><strong><em>ἱππέων</em></strong></span> <span class='ocrx_word' id='word_1_48' title='bbox 219 924 249 990; x_wconf 89' lang='grc' dir='ltr'><strong><em>δ’</em></strong></span> <span class='ocrx_word' id='word_1_49' title='bbox 272 928 320 1003; x_wconf 88' lang='grc' dir='ltr'><strong><em>είς</em></strong></span> <span class='ocrx_word' id='word_1_50' title='bbox 343 925 617 1011; x_wconf 77' lang='grc' dir='ltr'><strong><em>ἑπτακισχιλίους,</em></strong></span> <span class='ocrx_word' id='word_1_51' title='bbox 641 929 762 1011; x_wconf 79' lang='grc' dir='ltr'><strong><em>ἔτρωσε</em></strong></span> <span class='ocrx_word' id='word_1_52' title='bbox 781 923 818 990; x_wconf 71' lang='grc' dir='ltr'><strong><em>δὲ</em></strong></span> <span class='ocrx_word' id='word_1_53' title='bbox 836 924 892 990; x_wconf 87' lang='grc' dir='ltr'><strong><em>καὶ</em></strong></span> <span class='ocrx_word' id='word_1_54' title='bbox 911 926 971 990; x_wconf 91' lang='grc' dir='ltr'><strong><em>τὸν</em></strong></span> <span class='ocrx_word' id='word_1_55' title='bbox 990 942 1086 1010; x_wconf 92' lang='grc' dir='ltr'><strong><em>στρα-</em></strong></span> 
     </span>
     <span class='ocr_line' id='line_1_9' title="bbox 67 1029 1087 1116; baseline 0 -21"><span class='ocrx_word' id='word_1_56' title='bbox 67 1033 170 1113; x_wconf 86' lang='grc' dir='ltr'><strong><em>τηγὸν</em></strong></span> <span class='ocrx_word' id='word_1_57' title='bbox 197 1041 257 1097; x_wconf 90' lang='grc' dir='ltr'><strong><em>τοῦ</em></strong></span> <span class='ocrx_word' id='word_1_58' title='bbox 286 1037 425 1116; x_wconf 82' lang='grc' dir='ltr'><strong><em>Χαλαμᾶ</em></strong></span> <span class='ocrx_word' id='word_1_59' title='bbox 453 1033 621 1116; x_wconf 89' lang='grc' dir='ltr'><strong><em>Σάβεκον,</em></strong></span> <span class='ocrx_word' id='word_1_60' title='bbox 648 1032 686 1109; x_wconf 86' lang='grc' dir='ltr'><strong><em>ὃς</em></strong></span> <span class='ocrx_word' id='word_1_61' title='bbox 713 1032 748 1098; x_wconf 81' lang='grc' dir='ltr'><strong><em>ἐκ</em></strong></span> <span class='ocrx_word' id='word_1_62' title='bbox 775 1041 833 1115; x_wconf 78' lang='grc' dir='ltr'><strong><em>τῆς</em></strong></span> <span class='ocrx_word' id='word_1_63' title='bbox 860 1038 987 1115; x_wconf 79' lang='grc' dir='ltr'><strong><em>πληγῆς</em></strong></span> <span class='ocrx_word' id='word_1_64' title='bbox 1009 1029 1087 1096; x_wconf 85' lang='grc' dir='ltr'><strong><em>άπέ-</em></strong></span> 
     </span>
     <span class='ocr_line' id='line_1_10' title="bbox 67 1135 1088 1223; baseline 0.002 -23"><span class='ocrx_word' id='word_1_65' title='bbox 67 1144 184 1202; x_wconf 89' lang='grc' dir='ltr'><strong><em>θανεν.</em></strong></span> <span class='ocrx_word' id='word_1_66' title='bbox 214 1139 324 1221; x_wconf 79' lang='lat'>&lt;129&gt;</span> <span class='ocrx_word' id='word_1_67' title='bbox 339 1141 374 1203; x_wconf 88' lang='grc' dir='ltr'><strong><em>οί</em></strong></span> <span class='ocrx_word' id='word_1_68' title='bbox 387 1135 423 1202; x_wconf 73' lang='grc' dir='ltr'><strong><em>δέ</em></strong></span> <span class='ocrx_word' id='word_1_69' title='bbox 437 1143 721 1223; x_wconf 79' lang='grc' dir='ltr'><strong><em>Μεσοποταμῖται,</em></strong></span> <span class='ocrx_word' id='word_1_70' title='bbox 735 1139 890 1203; x_wconf 85' lang='grc' dir='ltr'><strong><em>τοιούτου</em></strong></span> <span class='ocrx_word' id='word_1_71' title='bbox 904 1136 1088 1221; x_wconf 87' lang='grc' dir='ltr'><strong><em>γενομένου</em></strong></span> 
     </span>
     <span class='ocr_line' id='line_1_11' title="bbox 25 1241 1083 1331; baseline 0.003 -27"><span class='ocrx_word' id='word_1_72' title='bbox 25 1265 53 1304; x_wconf 74' lang='grc' dir='ltr'><strong><em>ιο</em></strong></span> <span class='ocrx_word' id='word_1_73' title='bbox 67 1252 128 1308; x_wconf 88' lang='grc' dir='ltr'><strong><em>τοῦ</em></strong></span> <span class='ocrx_word' id='word_1_74' title='bbox 151 1243 267 1321; x_wconf 81' lang='grc' dir='ltr'><strong><em>τέλους</em></strong></span> <span class='ocrx_word' id='word_1_75' title='bbox 289 1253 348 1326; x_wconf 88' lang='grc' dir='ltr'><strong><em>τής</em></strong></span> <span class='ocrx_word' id='word_1_76' title='bbox 369 1245 489 1330; x_wconf 82' lang='grc' dir='ltr'><strong><em>μάχης,</em></strong></span> <span class='ocrx_word' id='word_1_77' title='bbox 517 1246 648 1321; x_wconf 84' lang='grc' dir='ltr'><strong><em>αὑτοὺς·</em></strong></span> <span class='ocrx_word' id='word_1_78' title='bbox 661 1246 796 1330; x_wconf 85' lang='grc' dir='ltr'><strong><em>Δαυίδη</em></strong></span> <span class='ocrx_word' id='word_1_79' title='bbox 818 1244 1008 1331; x_wconf 84' lang='grc' dir='ltr'><strong><em>παρέδοσαν</em></strong></span> <span class='ocrx_word' id='word_1_80' title='bbox 1029 1241 1083 1308; x_wconf 79' lang='grc' dir='ltr'><strong><em>καὶ</em></strong></span> 
     </span>
     <span class='ocr_line' id='line_1_12' title="bbox 69 1347 1086 1440; baseline 0.001 -28"><span class='ocrx_word' id='word_1_81' title='bbox 69 1350 160 1436; x_wconf 92' lang='grc' dir='ltr'><strong><em>δῶρα</em></strong></span> <span class='ocrx_word' id='word_1_82' title='bbox 188 1354 336 1435; x_wconf 79' lang='grc' dir='ltr'><strong><em>ἔπεμψαν</em></strong></span> <span class='ocrx_word' id='word_1_83' title='bbox 364 1352 462 1440; x_wconf 78' lang='grc' dir='ltr'><strong><em>αὐτῷ.</em></strong></span> <span class='ocrx_word' id='word_1_84' title='bbox 507 1349 563 1416; x_wconf 85' lang='grc' dir='ltr'><strong><em>καὶ</em></strong></span> <span class='ocrx_word' id='word_1_85' title='bbox 590 1351 609 1417; x_wconf 85' lang='grc' dir='ltr'>ὃ</span> <span class='ocrx_word' id='word_1_86' title='bbox 637 1348 699 1435; x_wconf 72' lang='grc' dir='ltr'><strong><em>μὲν</em></strong></span> <span class='ocrx_word' id='word_1_87' title='bbox 728 1352 797 1439; x_wconf 81' lang='grc' dir='ltr'><strong><em>ὥρᾳ</em></strong></span> <span class='ocrx_word' id='word_1_88' title='bbox 824 1362 984 1436; x_wconf 91' lang='grc' dir='ltr'><strong><em>χειμῶνος</em></strong></span> <span class='ocrx_word' id='word_1_89' title='bbox 1012 1347 1086 1414; x_wconf 89' lang='grc' dir='ltr'><strong><em>άνέ-</em></strong></span> 
     </span>
     <span class='ocr_line' id='line_1_13' title="bbox 68 1455 1195 1543; baseline -0.001 -23"><span class='ocrx_word' id='word_1_90' title='bbox 68 1467 210 1542; x_wconf 88' lang='grc' dir='ltr'><strong><em>στρεψεν</em></strong></span> <span class='ocrx_word' id='word_1_91' title='bbox 225 1459 272 1533; x_wconf 89' lang='grc' dir='ltr'><strong><em>είς</em></strong></span> <span class='ocrx_word' id='word_1_92' title='bbox 286 1455 507 1543; x_wconf 85' lang='grc' dir='ltr'><strong><em>Ἱεροσόλυμα,</em></strong></span> <span class='ocrx_word' id='word_1_93' title='bbox 526 1456 713 1543; x_wconf 80' lang='grc' dir='ltr'><strong><em>ἀρχομένου</em></strong></span> <span class='ocrx_word' id='word_1_94' title='bbox 728 1455 766 1522; x_wconf 75' lang='grc' dir='ltr'><strong><em>δέ</em></strong></span> <span class='ocrx_word' id='word_1_95' title='bbox 779 1467 840 1523; x_wconf 85' lang='grc' dir='ltr'><strong><em>τοῦ</em></strong></span> <span class='ocrx_word' id='word_1_96' title='bbox 855 1460 950 1541; x_wconf 83' lang='grc' dir='ltr'><strong><em>ἔαρος</em></strong></span> <span class='ocrx_word' id='word_1_97' title='bbox 965 1457 1087 1538; x_wconf 83' lang='grc' dir='ltr'><strong><em>έπεμψε</em></strong></span> <span class='ocrx_word' id='word_1_98' title='bbox 1194 1531 1195 1535; x_wconf 10' lang='lat'>¹</span> 
     </span>
     <span class='ocr_line' id='line_1_14' title="bbox 67 1560 1085 1649; baseline -0.002 -21"><span class='ocrx_word' id='word_1_99' title='bbox 67 1564 127 1628; x_wconf 87' lang='grc' dir='ltr'><strong><em>τὸν</em></strong></span> <span class='ocrx_word' id='word_1_100' title='bbox 150 1563 412 1649; x_wconf 81' lang='grc' dir='ltr'><strong><em>ἀρχιστράτηγον</em></strong></span> <span class='ocrx_word' id='word_1_101' title='bbox 432 1562 578 1649; x_wconf 84' lang='grc' dir='ltr'><strong><em>Ἰώαβον</em></strong></span> <span class='ocrx_word' id='word_1_102' title='bbox 591 1567 821 1648; x_wconf 76' lang='grc' dir='ltr'><strong><em>πολεμήσοντα</em></strong></span> <span class='ocrx_word' id='word_1_103' title='bbox 844 1574 915 1639; x_wconf 90' lang='grc' dir='ltr'><strong><em>τοῖς</em></strong></span> <span class='ocrx_word' id='word_1_104' title='bbox 930 1560 1085 1646; x_wconf 88' lang='grc' dir='ltr'><strong><em>Ἀμμανί-</em></strong></span> 
     </span>
     <span class='ocr_line' id='line_1_15' title="bbox 66 1666 1088 1754; baseline 0.001 -22"><span class='ocrx_word' id='word_1_105' title='bbox 66 1693 148 1745; x_wconf 92' lang='grc' dir='ltr'><strong><em>ταις.</em></strong></span> <span class='ocrx_word' id='word_1_106' title='bbox 199 1668 217 1732; x_wconf 88' lang='grc' dir='ltr'><strong><em>δ</em></strong></span> <span class='ocrx_word' id='word_1_107' title='bbox 247 1666 283 1734; x_wconf 70' lang='grc' dir='ltr'><strong><em>δέ</em></strong></span> <span class='ocrx_word' id='word_1_108' title='bbox 310 1671 372 1752; x_wconf 93' lang='grc' dir='ltr'><strong><em>τήν</em></strong></span> <span class='ocrx_word' id='word_1_109' title='bbox 399 1693 433 1734; x_wconf 88' lang='grc' dir='ltr'><strong><em>τε</em></strong></span> <span class='ocrx_word' id='word_1_110' title='bbox 465 1679 529 1752; x_wconf 85' lang='grc' dir='ltr'><strong><em>γήν</em></strong></span> <span class='ocrx_word' id='word_1_111' title='bbox 563 1671 694 1736; x_wconf 85' lang='grc' dir='ltr'><strong><em>άπασαν</em></strong></span> <span class='ocrx_word' id='word_1_112' title='bbox 726 1670 837 1734; x_wconf 84' lang='grc' dir='ltr'><strong><em>αὐτῶν</em></strong></span> <span class='ocrx_word' id='word_1_113' title='bbox 870 1668 1088 1754; x_wconf 83' lang='grc' dir='ltr'><strong><em>ἐπερχόμενος</em></strong></span> 
     </span>
     <span class='ocr_line' id='line_1_16' title="bbox 27 1773 1087 1860; baseline 0.002 -24"><span class='ocrx_word' id='word_1_114' title='bbox 27 1796 52 1836; x_wconf 86' lang='lat'><strong><em>15</em></strong></span> <span class='ocrx_word' id='word_1_115' title='bbox 67 1773 257 1857; x_wconf 84' lang='grc' dir='ltr'><strong><em>διέφθειρε,</em></strong></span> <span class='ocrx_word' id='word_1_116' title='bbox 284 1773 339 1838; x_wconf 81' lang='grc' dir='ltr'><strong><em>καὶ</em></strong></span> <span class='ocrx_word' id='word_1_117' title='bbox 364 1775 486 1851; x_wconf 90' lang='grc' dir='ltr'><strong><em>αὐτοὺς</em></strong></span> <span class='ocrx_word' id='word_1_118' title='bbox 509 1777 557 1852; x_wconf 90' lang='grc' dir='ltr'><strong><em>είς</em></strong></span> <span class='ocrx_word' id='word_1_119' title='bbox 579 1776 640 1858; x_wconf 84' lang='grc' dir='ltr'><strong><em>τήν</em></strong></span> <span class='ocrx_word' id='word_1_120' title='bbox 663 1778 868 1860; x_wconf 90' lang='grc' dir='ltr'><strong><em>μητρόπολιν</em></strong></span> <span class='ocrx_word' id='word_1_121' title='bbox 892 1778 1087 1856; x_wconf 86' lang='grc' dir='ltr'><strong><em>συγκλείσας</em></strong></span> 
     </span>
     <span class='ocr_line' id='line_1_17' title="bbox 63 1879 1190 1966; baseline 0.005 -22"><span class='ocrx_word' id='word_1_122' title='bbox 63 1879 231 1964; x_wconf 86' lang='grc' dir='ltr'><strong><em>Ῥαβαθάν</em></strong></span> <span class='ocrx_word' id='word_1_123' title='bbox 254 1879 448 1966; x_wconf 81' lang='grc' dir='ltr'><strong><em>ἐπολιόρκει.</em></strong></span> <span class='ocrx_word' id='word_1_124' title='bbox 1189 1927 1190 1930; x_wconf 60' lang='lat'><em>=</em></span> 
     </span>
     <span class='ocr_line' id='line_1_18' title="bbox 135 1984 1124 2074; baseline -0.001 -23"><span class='ocrx_word' id='word_1_125' title='bbox 135 1987 245 2069; x_wconf 78' lang='lat'>(130)</span> <span class='ocrx_word' id='word_1_126' title='bbox 274 1986 434 2052; x_wconf 83' lang='grc' dir='ltr'><strong><em>συνέπεσε</em></strong></span> <span class='ocrx_word' id='word_1_127' title='bbox 467 1984 504 2052; x_wconf 73' lang='grc' dir='ltr'><strong><em>δὲ</em></strong></span> <span class='ocrx_word' id='word_1_128' title='bbox 535 1985 591 2051; x_wconf 82' lang='grc' dir='ltr'><strong><em>καὶ</em></strong></span> <span class='ocrx_word' id='word_1_129' title='bbox 612 1984 752 2074; x_wconf 58' lang='grc' dir='ltr'><strong><em>ῘΔαυίδη</em></strong></span> <span class='ocrx_word' id='word_1_130' title='bbox 783 1997 930 2070; x_wconf 77' lang='grc' dir='ltr'><strong><em>πταῖσμα</em></strong></span> <span class='ocrx_word' id='word_1_131' title='bbox 964 1985 1124 2066; x_wconf 75' lang='grc' dir='ltr'><strong><em>δεινόν,7</em></strong></span> 
     </span>
     <span class='ocr_line' id='line_1_19' title="bbox 67 2091 1089 2190; baseline -0.003 -31"><span class='ocrx_word' id='word_1_132' title='bbox 67 2096 141 2159; x_wconf 78' lang='grc' dir='ltr'><strong><em>ὄντι</em></strong></span> <span class='ocrx_word' id='word_1_133' title='bbox 165 2094 265 2176; x_wconf 86' lang='grc' dir='ltr'><strong><em>φύσει</em></strong></span> <span class='ocrx_word' id='word_1_134' title='bbox 289 2094 407 2181; x_wconf 80' lang='grc' dir='ltr'><strong><em>δικαίῳ</em></strong></span> <span class='ocrx_word' id='word_1_135' title='bbox 431 2091 487 2158; x_wconf 82' lang='grc' dir='ltr'><strong><em>καὶ</em></strong></span> <span class='ocrx_word' id='word_1_136' title='bbox 505 2093 665 2190; x_wconf 75' lang='grc' dir='ltr'><strong><em>θεοσεβεῖ</em></strong></span> <span class='ocrx_word' id='word_1_137' title='bbox 677 2091 732 2157; x_wconf 83' lang='grc' dir='ltr'><strong><em>καὶ</em></strong></span> <span class='ocrx_word' id='word_1_138' title='bbox 753 2095 833 2170; x_wconf 89' lang='grc' dir='ltr'><strong><em>τοὺς</em></strong></span> <span class='ocrx_word' id='word_1_139' title='bbox 850 2095 1011 2178; x_wconf 88' lang='grc' dir='ltr'><strong><em>πατρίους</em></strong></span> <span class='ocrx_word' id='word_1_140' title='bbox 1032 2093 1089 2156; x_wconf 90' lang='grc' dir='ltr'><strong><em>νό-</em></strong></span> 
     </span>
     <span class='ocr_line' id='line_1_20' title="bbox 67 2200 1090 2285; baseline 0.002 -23"><span class='ocrx_word' id='word_1_141' title='bbox 67 2223 152 2282; x_wconf 91' lang='grc' dir='ltr'><strong><em>μους</em></strong></span> <span class='ocrx_word' id='word_1_142' title='bbox 187 2201 331 2284; x_wconf 83' lang='grc' dir='ltr'><strong><em>ἰσχυρῶς</em></strong></span> <span class='ocrx_word' id='word_1_143' title='bbox 368 2200 580 2283; x_wconf 84' lang='grc' dir='ltr'><strong><em>φυλάττοντι.</em></strong></span> <span class='ocrx_word' id='word_1_144' title='bbox 634 2201 842 2285; x_wconf 89' lang='grc' dir='ltr'><strong><em>θεασάμενος</em></strong></span> <span class='ocrx_word' id='word_1_145' title='bbox 877 2201 940 2285; x_wconf 87' lang='grc' dir='ltr'><strong><em>γάρ</em></strong></span> <span class='ocrx_word' id='word_1_146' title='bbox 978 2200 1090 2280; x_wconf 89' lang='grc' dir='ltr'><strong><em>δείλης</em></strong></span> 
     </span>
     <span class='ocr_line' id='line_1_21' title="bbox 26 2300 1090 2395; baseline 0.005 -30"><span class='ocrx_word' id='word_1_147' title='bbox 26 2326 53 2365; x_wconf 79' lang='grc' dir='ltr'><strong><em>εο</em></strong></span> <span class='ocrx_word' id='word_1_148' title='bbox 68 2306 168 2383; x_wconf 87' lang='grc' dir='ltr'><strong><em>ὀψίας</em></strong></span> <span class='ocrx_word' id='word_1_149' title='bbox 191 2304 254 2370; x_wconf 91' lang='grc' dir='ltr'><strong><em>άπὸ</em></strong></span> <span class='ocrx_word' id='word_1_150' title='bbox 278 2316 339 2371; x_wconf 86' lang='grc' dir='ltr'><strong><em>τοῦ</em></strong></span> <span class='ocrx_word' id='word_1_151' title='bbox 357 2305 474 2389; x_wconf 88' lang='grc' dir='ltr'><strong><em>τέγους</em></strong></span> <span class='ocrx_word' id='word_1_152' title='bbox 492 2317 561 2372; x_wconf 91' lang='grc' dir='ltr'><strong><em>τῶν</em></strong></span> <span class='ocrx_word' id='word_1_153' title='bbox 579 2310 757 2392; x_wconf 89' lang='grc' dir='ltr'><strong><em>βασιλείων</em></strong></span> <span class='ocrx_word' id='word_1_154' title='bbox 776 2304 829 2390; x_wconf 83' lang='grc' dir='ltr'><strong><em>ἐφ’</em></strong></span> <span class='ocrx_word' id='word_1_155' title='bbox 852 2300 878 2395; x_wconf 75' lang='grc' dir='ltr'><em>ᾧ</em></span> <span class='ocrx_word' id='word_1_156' title='bbox 896 2316 1090 2393; x_wconf 88' lang='grc' dir='ltr'><strong><em>περιπατεῖν</em></strong></span> 
     </span>
     <span class='ocr_line' id='line_1_22' title="bbox 67 2407 1091 2498; baseline -0.001 -22"><span class='ocrx_word' id='word_1_157' title='bbox 67 2409 140 2476; x_wconf 87' lang='grc' dir='ltr'><strong><em>κατ’</em></strong></span> <span class='ocrx_word' id='word_1_158' title='bbox 168 2409 274 2476; x_wconf 87' lang='grc' dir='ltr'><strong><em>έκεῖνο</em></strong></span> <span class='ocrx_word' id='word_1_159' title='bbox 298 2422 356 2494; x_wconf 80' lang='grc' dir='ltr'><strong><em>τῆς</em></strong></span> <span class='ocrx_word' id='word_1_160' title='bbox 379 2413 467 2498; x_wconf 82' lang='grc' dir='ltr'><strong><em>ὥρας</em></strong></span> <span class='ocrx_word' id='word_1_161' title='bbox 490 2408 534 2495; x_wconf 79' lang='grc' dir='ltr'><strong><em>ἦν</em></strong></span> <span class='ocrx_word' id='word_1_162' title='bbox 557 2415 646 2496; x_wconf 82' lang='grc' dir='ltr'><strong><em>ἔθος,</em></strong></span> <span class='ocrx_word' id='word_1_163' title='bbox 672 2407 765 2494; x_wconf 80' lang='grc' dir='ltr'><strong><em>[εἶδε]</em></strong></span> <span class='ocrx_word' id='word_1_164' title='bbox 786 2424 929 2495; x_wconf 89' lang='grc' dir='ltr'><strong><em>γυναῖκα</em></strong></span> <span class='ocrx_word' id='word_1_165' title='bbox 952 2408 1091 2495; x_wconf 90' lang='grc' dir='ltr'><strong><em>λουομέ-</em></strong></span> 
     </span>
     <span class='ocr_line' id='line_1_23' title="bbox 67 2513 1090 2606; baseline 0 -24"><span class='ocrx_word' id='word_1_166' title='bbox 67 2542 133 2600; x_wconf 94' lang='grc' dir='ltr'><strong><em>νην</em></strong></span> <span class='ocrx_word' id='word_1_167' title='bbox 152 2516 189 2581; x_wconf 88' lang='grc' dir='ltr'><strong><em>έυ</em></strong></span> <span class='ocrx_word' id='word_1_168' title='bbox 207 2527 245 2602; x_wconf 80' lang='grc' dir='ltr'><strong><em>τή</em></strong></span> <span class='ocrx_word' id='word_1_169' title='bbox 266 2519 367 2601; x_wconf 82' lang='grc' dir='ltr'><strong><em>αὑτῆς</em></strong></span> <span class='ocrx_word' id='word_1_170' title='bbox 386 2521 475 2605; x_wconf 82' lang='grc' dir='ltr'><strong><em>οίκίᾳ</em></strong></span> <span class='ocrx_word' id='word_1_171' title='bbox 493 2528 609 2606; x_wconf 78' lang='grc' dir='ltr'><strong><em>ψυχρῷ</em></strong></span> <span class='ocrx_word' id='word_1_172' title='bbox 628 2518 736 2601; x_wconf 77' lang='grc' dir='ltr'><strong><em>ὕδατι,</em></strong></span> <span class='ocrx_word' id='word_1_173' title='bbox 754 2522 933 2600; x_wconf 90' lang='grc' dir='ltr'><strong><em>καλλίστην</em></strong></span> <span class='ocrx_word' id='word_1_174' title='bbox 946 2521 984 2583; x_wconf 87' lang='grc' dir='ltr'><strong><em>τὸ</em></strong></span> <span class='ocrx_word' id='word_1_175' title='bbox 1001 2513 1090 2594; x_wconf 81' lang='grc' dir='ltr'><strong><em>εἶδος</em></strong></span> 
     </span>
     <span class='ocr_line' id='line_1_24' title="bbox 68 2619 1090 2710; baseline 0.001 -23"><span class='ocrx_word' id='word_1_176' title='bbox 68 2621 124 2687; x_wconf 80' lang='grc' dir='ltr'><strong><em>καὶ</em></strong></span> <span class='ocrx_word' id='word_1_177' title='bbox 147 2635 264 2689; x_wconf 90' lang='grc' dir='ltr'><strong><em>πασῶν</em></strong></span> <span class='ocrx_word' id='word_1_178' title='bbox 287 2622 530 2710; x_wconf 85' lang='grc' dir='ltr'><strong><em>διαφέρουσαν·</em></strong></span> <span class='ocrx_word' id='word_1_179' title='bbox 554 2627 659 2707; x_wconf 78' lang='grc' dir='ltr'><strong><em>ὄνομα</em></strong></span> <span class='ocrx_word' id='word_1_180' title='bbox 683 2621 713 2687; x_wconf 88' lang='grc' dir='ltr'><strong><em>δ’</em></strong></span> <span class='ocrx_word' id='word_1_181' title='bbox 737 2623 820 2707; x_wconf 81' lang='grc' dir='ltr'><strong><em>αὐτή</em></strong></span> <span class='ocrx_word' id='word_1_182' title='bbox 844 2619 887 2706; x_wconf 84' lang='grc' dir='ltr'><strong><em>ήν</em></strong></span> <span class='ocrx_word' id='word_1_183' title='bbox 905 2625 1090 2708; x_wconf 89' lang='grc' dir='ltr'><strong><em>Βεερσαβή·</em></strong></span> 
     </span>
     <span class='ocr_line' id='line_1_25' title="bbox 68 2725 1090 2814; baseline 0 -22"><span class='ocrx_word' id='word_1_184' title='bbox 68 2729 204 2811; x_wconf 82' lang='grc' dir='ltr'><strong><em>ἡττᾶται</em></strong></span> <span class='ocrx_word' id='word_1_185' title='bbox 227 2738 287 2794; x_wconf 89' lang='grc' dir='ltr'><strong><em>τοῦ</em></strong></span> <span class='ocrx_word' id='word_1_186' title='bbox 309 2731 453 2805; x_wconf 89' lang='grc' dir='ltr'><strong><em>κάλλους</em></strong></span> <span class='ocrx_word' id='word_1_187' title='bbox 477 2739 535 2814; x_wconf 78' lang='grc' dir='ltr'><strong><em>τῆς</em></strong></span> <span class='ocrx_word' id='word_1_188' title='bbox 557 2731 725 2812; x_wconf 91' lang='grc' dir='ltr'><strong><em>γυναικός,</em></strong></span> <span class='ocrx_word' id='word_1_189' title='bbox 750 2725 887 2810; x_wconf 81' lang='grc' dir='ltr'><strong><em>καὶτῆς</em></strong></span> <span class='ocrx_word' id='word_1_190' title='bbox 910 2725 1090 2811; x_wconf 80' lang='grc' dir='ltr'><strong><em>ἐπιθυμίας</em></strong></span> 
     </span>
     <span class='ocr_line' id='line_1_26' title="bbox 28 2831 1090 2922; baseline 0.002 -26"><span class='ocrx_word' id='word_1_191' title='bbox 28 2855 54 2896; x_wconf 81' lang='grc' dir='ltr'><strong><em>ιε</em></strong></span> <span class='ocrx_word' id='word_1_192' title='bbox 68 2847 203 2920; x_wconf 87' lang='grc' dir='ltr'><strong><em>κρατεῖν</em></strong></span> <span class='ocrx_word' id='word_1_193' title='bbox 231 2835 271 2899; x_wconf 84' lang='grc' dir='ltr'><strong><em>οὐ</em></strong></span> <span class='ocrx_word' id='word_1_194' title='bbox 300 2836 498 2920; x_wconf 85' lang='grc' dir='ltr'><strong><em>δυνάμενος,</em></strong></span> <span class='ocrx_word' id='word_1_195' title='bbox 526 2835 818 2919; x_wconf 88' lang='grc' dir='ltr'><strong><em>μεταπεμψάμενος</em></strong></span> <span class='ocrx_word' id='word_1_196' title='bbox 838 2831 950 2922; x_wconf 56' lang='grc' dir='ltr'><strong><em>ζαότήν</em></strong></span> <span class='ocrx_word' id='word_1_197' title='bbox 973 2832 1090 2920; x_wconf 90' lang='grc' dir='ltr'><strong><em>συνέρ-</em></strong></span> 
     </span>
     <span class='ocr_line' id='line_1_27' title="bbox 67 2938 1090 3028; baseline -0.004 -20"><span class='ocrx_word' id='word_1_198' title='bbox 67 2965 169 3027; x_wconf 91' lang='grc' dir='ltr'><strong><em>χεται.</em></strong></span> <span class='ocrx_word' id='word_1_199' title='bbox 218 2943 328 3026; x_wconf 83' lang='grc'>&lt;131&gt;</span> <span class='ocrx_word' id='word_1_200' title='bbox 354 2942 535 3028; x_wconf 90' lang='grc' dir='ltr'><strong><em>γενομένης</em></strong></span> <span class='ocrx_word' id='word_1_201' title='bbox 565 2941 596 3009; x_wconf 90' lang='grc' dir='ltr'><strong><em>δ’</em></strong></span> <span class='ocrx_word' id='word_1_202' title='bbox 623 2941 743 3025; x_wconf 86' lang='grc' dir='ltr'><strong><em>έγκόου</em></strong></span> <span class='ocrx_word' id='word_1_203' title='bbox 769 2950 829 3026; x_wconf 83' lang='grc' dir='ltr'><strong><em>τῆς</em></strong></span> <span class='ocrx_word' id='word_1_204' title='bbox 855 2942 1013 3024; x_wconf 87' lang='grc' dir='ltr'><strong><em>γυναικὸς</em></strong></span> <span class='ocrx_word' id='word_1_205' title='bbox 1034 2938 1090 3005; x_wconf 79' lang='grc' dir='ltr'><strong><em>καὶ</em></strong></span> 
     </span>
     <span class='ocr_line' id='line_1_28' title="bbox 68 3045 1090 3137; baseline -0.006 -22"><span class='ocrx_word' id='word_1_206' title='bbox 68 3050 242 3134; x_wconf 80' lang='grc' dir='ltr'><strong><em>πεμψάσης</em></strong></span> <span class='ocrx_word' id='word_1_207' title='bbox 265 3051 348 3134; x_wconf 91' lang='grc' dir='ltr'><strong><em>πρὸς</em></strong></span> <span class='ocrx_word' id='word_1_208' title='bbox 366 3048 593 3133; x_wconf 86' lang='grc' dir='ltr'><strong><em>τὸνβασιλέα,</em></strong></span> <span class='ocrx_word' id='word_1_209' title='bbox 617 3049 705 3126; x_wconf 82' lang='grc' dir='ltr'><strong><em>ὅπως</em></strong></span> <span class='ocrx_word' id='word_1_210' title='bbox 722 3057 769 3137; x_wconf 75' lang='grc' dir='ltr'><strong><em>τῷ</em></strong></span> <span class='ocrx_word' id='word_1_211' title='bbox 788 3047 993 3133; x_wconf 82' lang='grc' dir='ltr'><strong><em>ἁμαρτήματι</em></strong></span> <span class='ocrx_word' id='word_1_212' title='bbox 1018 3045 1090 3110; x_wconf 89' lang='grc' dir='ltr'><strong><em>σκέ-</em></strong></span> 
     </span>
     <span class='ocr_line' id='line_1_29' title="bbox 67 3152 1090 3243; baseline -0.004 -23"><span class='ocrx_word' id='word_1_213' title='bbox 67 3159 174 3240; x_wconf 91' lang='grc' dir='ltr'><strong><em>ψηταί</em></strong></span> <span class='ocrx_word' id='word_1_214' title='bbox 198 3180 273 3220; x_wconf 89' lang='grc' dir='ltr'><strong><em>τινα</em></strong></span> <span class='ocrx_word' id='word_1_215' title='bbox 296 3155 364 3221; x_wconf 79' lang='grc' dir='ltr'><strong><em>Ιτοῦ</em></strong></span> <span class='ocrx_word' id='word_1_216' title='bbox 397 3162 517 3223; x_wconf 89' lang='grc' dir='ltr'><strong><em>λαθεῖν</em></strong></span> <span class='ocrx_word' id='word_1_217' title='bbox 546 3157 628 3224; x_wconf 88' lang='grc' dir='ltr'><strong><em>ὁδόν</em></strong></span> <span class='ocrx_word' id='word_1_218' title='bbox 659 3153 860 3243; x_wconf 79' lang='grc' dir='ltr'><strong><em>(ἀποθανεῖν</em></strong></span> <span class='ocrx_word' id='word_1_219' title='bbox 889 3154 952 3238; x_wconf 88' lang='grc' dir='ltr'><strong><em>γάρ</em></strong></span> <span class='ocrx_word' id='word_1_220' title='bbox 985 3152 1090 3234; x_wconf 80' lang='grc' dir='ltr'><strong><em>αὐτήν</em></strong></span> 
     </span>
     <span class='ocr_line' id='line_1_30' title="bbox 67 3257 1091 3347; baseline -0.004 -19"><span class='ocrx_word' id='word_1_221' title='bbox 67 3264 151 3328; x_wconf 88' lang='grc' dir='ltr'><strong><em>κατά</em></strong></span> <span class='ocrx_word' id='word_1_222' title='bbox 175 3266 253 3338; x_wconf 90' lang='grc' dir='ltr'><strong><em>τοὺς</em></strong></span> <span class='ocrx_word' id='word_1_223' title='bbox 280 3265 440 3347; x_wconf 87' lang='grc' dir='ltr'><strong><em>πατρίους</em></strong></span> <span class='ocrx_word' id='word_1_224' title='bbox 466 3265 629 3346; x_wconf 89' lang='grc' dir='ltr'><strong><em>καθήκειν</em></strong></span> <span class='ocrx_word' id='word_1_225' title='bbox 655 3264 779 3346; x_wconf 90' lang='grc' dir='ltr'><strong><em>νόμους</em></strong></span> <span class='ocrx_word' id='word_1_226' title='bbox 802 3257 1091 3344; x_wconf 84' lang='grc' dir='ltr'><strong><em>μεμοιχευμένην),</em></strong></span> 
     </span>
     <span class='ocr_line' id='line_1_31' title="bbox 25 3364 1091 3454; baseline -0.003 -21"><span class='ocrx_word' id='word_1_227' title='bbox 25 3386 54 3426; x_wconf 80' lang='lat'><strong><em>³0</em></strong></span> <span class='ocrx_word' id='word_1_228' title='bbox 68 3375 299 3453; x_wconf 88' lang='grc' dir='ltr'><strong><em>μετακαλεῖται</em></strong></span> <span class='ocrx_word' id='word_1_229' title='bbox 318 3371 376 3434; x_wconf 90' lang='grc' dir='ltr'><strong><em>τὸν</em></strong></span> <span class='ocrx_word' id='word_1_230' title='bbox 392 3367 529 3454; x_wconf 86' lang='grc' dir='ltr'><strong><em>Ἰωάβου</em></strong></span> <span class='ocrx_word' id='word_1_231' title='bbox 548 3367 609 3454; x_wconf 73' lang='grc' dir='ltr'><strong><em>μέν</em></strong></span> <span class='ocrx_word' id='word_1_232' title='bbox 624 3369 816 3452; x_wconf 84' lang='grc' dir='ltr'><strong><em>ὁπλοφόρον</em></strong></span> <span class='ocrx_word' id='word_1_233' title='bbox 835 3364 871 3430; x_wconf 86' lang='grc' dir='ltr'><strong><em>έκ</em></strong></span> <span class='ocrx_word' id='word_1_234' title='bbox 884 3374 943 3449; x_wconf 80' lang='grc' dir='ltr'><strong><em>τῆς</em></strong></span> <span class='ocrx_word' id='word_1_235' title='bbox 955 3372 1091 3451; x_wconf 91' lang='grc' dir='ltr'><strong><em>πολιορ-</em></strong></span> 
     </span>
     <span class='ocr_line' id='line_1_32' title="bbox 143 3490 504 3559; baseline 0.003 -15"><span class='ocrx_word' id='word_1_236' title='bbox 143 3490 504 3559; x_wconf 52' lang='grc' dir='ltr'><strong><em>ςινεεειιεςαιτ.</em></strong></span> 
     </span>
    </p>
   </div>
   <div class='ocr_carea' id='block_1_3' title="bbox 0 0 1208 3840">
    <p class='ocr_par' dir='ltr' id='par_1_3' title="bbox 0 0 1208 3840">
     <span class='ocr_line' id='line_1_33' title="bbox 0 0 1208 3840; baseline 0 0"><span class='ocrx_word' id='word_1_237' title='bbox 0 0 1208 3840; x_wconf 95' lang='lat' dir='ltr'><strong><em> </em></strong></span> 
     </span>
    </p>
   </div>
  </div>
 </body>
</html>
