2400 3840
517 138 663 190 ΔΕΚΑυΗ
1032 139 1097 204 339

78 295 276 379 ὑπερόπτης.
321 293 376 360 καὶ
395 297 458 383 γὰρ
482 298 517 362 οί
532 299 614 362 κατὰ
633 299 694 382 τήν
711 298 845 381 ήλικίαν
865 295 951 383 ήσαν
969 300 1099 385 ἀσεβεῖς

78 398 156 484 περὶ
184 399 301 485 αὐτόν,
329 399 384 466 καὶ
412 403 429 468 ὁ
452 412 517 481 πᾶς
544 405 641 488 όχλος
667 401 717 469 ἐπ’
744 402 894 482 ἐξουσίας
919 405 1054 492 ὕβριζεν
1077 407 1098 470 δ

79 508 195 590 ήθελε·
219 508 330 591 <104>
351 509 403 574 διὸ
422 497 478 574 καὶ
497 509 515 576 ὁ
534 511 706 595 προφήτης
721 508 876 598 Ἱερεμίας
893 513 977 598 πρὸς
995 513 1098 577 αὐτὸν

79 612 193 678 ἐλθών
219 613 377 691 πολλάκις
405 614 624 704 ἐμαρτύρατο,
651 617 796 683 κελεύων
823 619 881 694 τάς
907 613 969 701 μὲν
996 619 1099 695 ἀλλας

50 718 232 804 σάσεβείας
253 719 309 785 καὶ
332 724 540 807 παρανομίας
561 728 769 807 καταλιπεῖν,
796 735 954 807 προνοεῖν
978 720 1016 788 δὲ
1038 734 1098 790 τοῦ

79 827 228 910 δικαίου,
255 824 311 891 καὶ
334 829 415 913 μήτε
436 838 507 905 τοῖς
529 828 688 915 ἡγεμόσιν
713 825 898 916 (εἶναιγὰρ
925 829 961 894 ἐν
985 831 1099 907 αὐτοῖς

78 932 261 1018 πονηρούς)
280 931 509 1021 προσανέχειν,
527 937 608 1020 μήτε
621 946 691 1014 τοῖς
704 937 998 1024 ψευδοπροφήταις
1016 937 1098 1002 ἀπα-

78 1049 183 1102 τῶσιν
211 1039 314 1105 αὐτὸν
340 1038 591 1106 πεπιστευκέναι
619 1041 664 1118 ώς
691 1039 800 1107 ούκέτι
833 1046 1011 1128 πολεμήσει
1039 1045 1100 1127 τήν

78 1147 180 1210 πόλιν
203 1145 221 1210 ὁ
245 1147 462 1230 Βαβυλώνιος
489 1144 545 1211 καὶ
568 1147 613 1224 ώς
635 1149 815 1230 Αἰγύπτιοι
840 1153 1100 1237 στρατεύσουσιν

38 1271 64 1311 ιο
81 1247 132 1315 ἐπ’
159 1249 262 1316 αὐτὸν
285 1249 341 1316 καὶ
358 1253 546 1334 νικήσουσι·
571 1253 680 1337 <105>
702 1263 805 1319 ταῦτα
826 1256 889 1340 νδιρ
909 1257 970 1321 ούκ
988 1257 1099 1341 ἀληθῆ

80 1355 192 1439 λέγειν
215 1353 288 1422 οὐδ’
310 1356 415 1434 οὕτως
438 1358 616 1441 ὀφείλοντα
634 1357 802 1441 γενέσθαι.
844 1358 920 1426 ὁδε
938 1363 1100 1440 Σεδεκίας

81 1460 135 1547 ἐφ’
167 1463 248 1528 ὅσον
279 1459 341 1546 μὲν
372 1464 472 1546 ήκουε
503 1473 564 1531 τοῦ
595 1467 771 1552 προφήτου
803 1474 906 1534 ταῦτα
935 1465 1103 1551 λέγοντος,

81 1568 234 1634 ἐπείθετο
263 1567 429 1657 αὐτῷκαὶ
453 1569 591 1657 συνήνει
617 1580 721 1638 πᾶσιν
749 1572 794 1649 ώς
819 1571 1025 1656 ἀληθεύουσι
1047 1571 1103 1639 καὶ

81 1674 255 1761 συμφέρον
283 1677 371 1763 αὐτῷ
398 1675 663 1743 πεπιστευκέναι·
698 1675 900 1766 διέφθειραν
932 1675 970 1743 δὲ
1001 1680 1103 1743 πόλιν

37 1802 65 1842 15
81 1782 186 1847 αὐτὸν
213 1782 249 1846 οί
276 1784 385 1866 φίλοι,
414 1781 469 1846 καὶ
500 1784 619 1867 διῆγον
646 1781 710 1847 ἀπὸ
740 1793 808 1848 τῶν
837 1793 898 1849 τοῦ
927 1785 1102 1868 προφήτου

79 1889 165 1974 πρὸς
188 1888 271 1973 ἀπερ
294 1889 430 1971 ήθελον.
475 1888 594 1971 <106>
617 1889 851 1975 προνφήτευσε
878 1884 916 1953 δὲ
937 1887 993 1953 καὶ
1013 1887 1072 1968 Ἰεζ
1087 1930 1102 1939 -

78 1996 194 2076 κίηλος
218 1991 254 2058 ἐν
272 1997 451 2079 Βαβυλῶνι
474 1994 533 2071 τὰς
555 1995 739 2079 μελλούσας
761 2002 807 2080 τῷ
828 1999 897 2082 λαῷ
916 1995 1101 2080 σνμφοράς,

79 2097 136 2164 καὶ
161 2100 293 2187 ’γράψας
319 2097 411 2166 ταῦτ’
443 2101 587 2184 ἔπεμψεν
604 2102 667 2191 ιείς
691 2098 912 2187 Ἱεροσόλυμα.
958 2111 1031 2178 ταῖς
1063 2097 1101 2168 δὲ

79 2209 298 2293 προφητείαις
315 2207 427 2272 αὐτῶν
445 2207 606 2284 Σεδεκίας
624 2206 804 2290 ἠπίστησεν
824 2206 859 2274 ἐκ
876 2208 1032 2292 τοιαύτης
1051 2210 1100 2272 αί-

36 2333 65 2372 ιο
80 2316 163 2389 τιάς.
203 2314 244 2377 τδι
266 2309 328 2397 μὲν
350 2314 434 2379 ἀλλα
456 2314 565 2380 πάντα
584 2323 849 2400 συμφωνοῦντος
870 2318 949 2391 τοὺς
971 2314 1101 2401 προφή-

79 2442 139 2495 τας
167 2418 323 2501 ἀλλήλοις
350 2420 456 2484 είπεῖν
472 2419 618 2505 συνέβη,
647 2422 692 2498 ώς
714 2444 749 2486 τε
771 2421 792 2505 ή
816 2423 912 2498 πόλις
939 2419 1100 2486 ἁλώσεται

79 2522 135 2589 καὶ
164 2524 325 2600 Σεδεκίας
351 2523 451 2600 αὐτὸς
477 2526 682 2608 αίχμάλωτος
712 2527 818 2608 ἔσται,
851 2526 1038 2609 διεφώνησε
1066 2520 1097 2587 δ’

77 2627 266 2713 Ἰεζεκίηλος
284 2629 387 2694 είπών
404 2629 465 2694 οὐκ
483 2630 628 2705 δύεσθαι
646 2631 833 2713 Βαβυλώνα
851 2632 911 2694 τὸν
925 2629 1099 2712 Σεδεκίαν,

79 2745 141 2802 τοῦ
165 2738 320 2823 Ιερεμίου
343 2735 529 2819 φάσκοντος
557 2734 644 2822 αὐτῷ
674 2734 724 2800 ὅτι
749 2734 927 2820 δεδεμένον
955 2733 1102 2798 αύτὸνδ

38 2861 65 2903 ει
81 2844 300 2926 Βαβυλώνιος
322 2839 392 2919 ἀξει
413 2841 576 2926 βασιλεύς.
621 2840 731 2924 <107>
753 2838 808 2905 καὶ
828 2841 883 2905 διδι
901 2841 938 2905 τὸ
958 2839 1002 2923 μή
1021 2839 1099 2903 ταύ-

79 2951 140 3015 τὸν
163 2949 285 3025 αὐτοὺς
307 2945 482 3035 ἑκατέρους
505 2946 630 3031 λέγειν,
655 2945 710 3011 καὶ
733 2945 809 3034 περὶ
833 2941 881 3013 ὧν
904 2956 1099 3029 συμφωνεῖν

80 3054 237 3140 ἐδόκουν,
274 3054 319 3132 ώς
356 3052 441 3119 οὐδ”
465 3051 562 3119 ἐκεῖν’
598 3053 708 3139 ἀληθῆ
744 3053 877 3136 λέγουσι
914 3053 1099 3134 καταγνοὺς

80 3163 248 3247 ήπίστησε.
301 3164 409 3227 καίτοι
440 3157 536 3225 πάντ’
572 3161 660 3249 αὐτῷ
692 3163 773 3227 κατδι
805 3161 863 3237 τάς
894 3160 1098 3245 προφητείας

81 3268 279 3353 ἀπήντησεν,
303 3268 385 3353 ἅπερ
410 3266 641 3353 εὐκαιρότερον
665 3267 865 3349 δηλώσομεν.

152 3413 235 3473 §103
256 3433 290 3453 =
309 3405 431 3461 2Ρεαε1.
447 3405 564 3460 XXXVI
580 3411 625 3472 11;
644 3405 739 3460 Ierem.
754 3404 833 3458 XXII
850 3411 871 3458 1.
960 3410 1042 3470 §106
1062 3431 1096 3450 =

80 3495 180 3551 Ezech.
196 3495 248 3549 XII
264 3500 310 3562 133
329 3495 426 3551 Ierem.
441 3493 502 3546 XLI
516 3500 541 3548 3.

896 3580 953 3636 ³2³2*
