2400 3840
115 125 179 188 120
484 124 757 176 ΑΡΧΑῙΟΛΟΓΙΑΣ

112 296 157 374 τῶ
185 290 297 372 πατρί·
327 289 553 373 συγχωρήσειν
581 288 643 371 γάρ
674 284 810 351 ἐκεῖνον.
856 295 959 350 ταῦτα
984 283 1016 349 δ’
1043 287 1133 367 ἔλεγε

113 393 299 479 βουλομένη
318 396 379 478 τὴν
398 394 505 479 ὁρμὴν
524 392 627 457 αὐτοῦ
645 402 704 475 τῆς
722 391 861 478 ὀρέξεως
873 395 957 477 πρὸς
970 394 1009 457 τὸ
1026 393 1133 477 παρὸν

114 501 301 585 διαφυγεῖν.
353 500 369 566 ὃ
400 498 430 564 δ’
461 500 502 564 οὐ
533 503 699 581 πείθεται,
731 509 777 586 τῷ
810 496 841 562 δ’
872 500 969 582 ἔρωτι
1002 501 1133 581 καιόμε-

113 630 172 683 νος
193 604 249 671 καλ
272 619 342 682 τοῖς
362 615 423 670 τοῦ
441 606 574 681 πάθους
591 603 742 690 κέντροις
760 607 1010 688 μυωπιζόμενος
1029 604 1133 688 βιάζε-

113 737 167 777 ται
194 712 256 795 την
283 711 441 795 ἀδελφήν.
488 712 606 794 (170)
633 722 728 795 μῖσος
756 708 787 773 δ’
815 708 941 787 εὐθέως
968 712 1051 794 μετά
1074 711 1155 793 τὴνι

113 822 248 905 κορείαν
276 815 455 902 εἰσέρχεται
487 818 546 881 τὸν
571 814 736 900 Ἀμνῶνα,
765 814 818 880 καὶ
849 817 1133 903 προσλοιδορησά-

114 948 213 1009 μενος
236 922 407 988 ἐκέλευσεν
425 922 616 987 ἀναστᾶσαν
639 921 779 987 ἀπιέναι.
821 931 879 1006 τῆς
898 919 935 987 δὲ
953 927 1054 1009 χείρω
1074 924 1132 1005 τὴν

115 1033 216 1115 ὕβριν
239 1027 295 1093 καὶ
318 1030 374 1093 διά
392 1027 483 1094 τοῦτ’
505 1028 744 1112 ἀποκαλούσης,
768 1032 799 1094 εί
816 1029 1017 1114 βιασάμενος
1036 1030 1133 1105 αὐτὸς

114 1133 190 1221 μηδ’
208 1137 284 1221 άχρι
300 1138 420 1212 νυκτὸς
438 1133 603 1222 ἐπιτρέπει
621 1148 743 1220 μεῖναι,
761 1145 959 1222 παραχρῆμα
978 1133 1009 1199 δ’
1032 1136 1132 1201 άπαλ-

116 1243 294 1308 λάττεσθαι
317 1243 443 1308 κελεύει
466 1241 503 1307 ἐν
526 1241 631 1329 ἡμέρα
648 1240 704 1307 καὶ
724 1245 820 1326 φωτί,
844 1243 900 1307 ἵνα
917 1240 973 1307 καὶ
991 1244 1132 1328 μάρτυσι
1145 1266 1166 1306 ιο

115 1359 173 1433 τῆς
205 1350 364 1434 αἰσχύνης
395 1347 581 1434 περιπέσοι,
613 1346 813 1434 προσέταξεν
845 1349 949 1430 αὐτην
982 1348 1133 1433 ἐκβαλεῖν

115 1465 161 1543 τῷ
185 1454 303 1539 οίκέτη.
349 1455 459 1539 <171>
477 1454 498 1537 ἢ
517 1451 554 1519 δὲ
572 1454 752 1540 περιαλγὴς
773 1452 825 1518 ε’πὶ
844 1463 883 1539 τῇ
901 1454 998 1540 ὕβρει
1021 1454 1078 1519 καὶ
1096 1464 1132 1540 τῇ

116 1564 173 1647 βίᾳ
201 1563 377 1644 γενομένη,
409 1560 632 1648 περιρρήξασα
659 1563 719 1626 τὸν
746 1564 943 1644 χιτωνίσκον
972 1559 1134 1648 (ἐφόρουν

117 1668 179 1753 γάρ
208 1668 245 1730 αἱ
269 1678 338 1732 τῶν
364 1667 512 1753 ἀρχαίων
533 1666 699 1753 παρθένοι
726 1669 939 1753 χειριδωτοὺς
966 1670 1043 1754 άχρι
1069 1680 1134 1734 τῶν

118 1786 258 1860 σφυρῶν
284 1775 367 1860 πρὸς
394 1776 431 1838 τὸ
460 1775 503 1857 μὴ
531 1772 714 1857 βλέπεσθαι
741 1771 897 1859 χιτῶνας)
924 1771 979 1839 καὶ
1008 1776 1135 1840 σποδὸν
1148 1797 1169 1838 ιι

116 1881 339 1967 καταχεαμένη
364 1890 422 1964 τῆς
439 1887 595 1965 κεφαλῆς,
619 1879 715 1966 ἀπῄει
740 1882 795 1945 διά
813 1889 872 1964 τῆς
889 1883 1017 1958 πόλεως
1035 1881 1136 1966 μέσης

118 1991 229 2071 βοῶσα
252 1987 307 2052 καὶ
331 1987 518 2074 ὀδυρομένη
541 1988 602 2069 τὴν
626 1990 712 2070 βίαν.
758 1986 867 2069 <172>
890 1989 1080 2071 περιτυχὼν
1104 1986 1133 2052 δ’

117 2093 200 2176 αὐτῇ
224 2094 369 2176 ἁδελφὸς
385 2092 611 2177 Ἀβεσάλωμος
634 2092 785 2179 ἀνέκρινε
808 2096 899 2169 τίνος
919 2094 1001 2178 αὐτῇ
1022 2095 1136 2159 δεινοῦ

118 2199 305 2279 συμβάντος
338 2197 444 2272 οὕτως
476 2200 550 2280 ἔχει.
603 2200 820 2282 κατειπούσης
853 2197 884 2262 δ’
919 2199 1022 2283 αὐτῆς
1053 2203 1137 2287 πρὸς

117 2301 220 2366 αὐτὸν
241 2302 303 2383 την
325 2301 436 2387 ὕβριν,
459 2302 635 2385 ἡσυχάζειν
656 2302 712 2368 καὶ
734 2308 874 2389 μετρίως
897 2304 1014 2392 φέρειν
1033 2329 1137 2393 παρη·
1150 2330 1173 2370 ιο

117 2408 209 2491 γόρει
236 2405 291 2470 καὶ
315 2407 357 2490 μὴ
381 2410 529 2492 νομίζειν
550 2408 713 2494 ὑβρίσθαι
741 2416 932 2497 φθαρεῖσαν
957 2411 1014 2477 ὑπ’
1042 2414 1136 2479 ἀδελ-

117 2521 194 2597 φοῦ.
240 2512 405 2579 πεισθεῖσ’
436 2508 498 2580 οὖν
524 2516 663 2582 παύεται
691 2527 749 2601 τῆς
776 2521 857 2602 βοῆς
883 2516 1026 2583 καὶτοῦ
1055 2524 1138 2606 πρὸς

117 2623 262 2698 πολλοὺς
275 2621 336 2706 τὴν
350 2625 428 2707 βίαν
443 2620 606 2709 ἐκφέρειν,
621 2623 677 2689 καὶ
691 2627 799 2691 πολὺν
812 2626 935 2710 χρόνον
949 2628 1138 2710 χηρεύουσα

117 2727 195 2815 παρ’
219 2727 432 2818 Ἀβεσαλάμφ
456 2730 611 2819 τάδελφῷ
635 2731 874 2816 διεκαρτέρησε.

83 2850 98 2897 2
185 2837 294 2918 <173>
322 2839 424 2918 γνοὺς
447 2833 484 2901 δέ
507 2834 605 2901 τοῦθ’
631 2836 648 2901 ὁ
672 2837 778 2921 πατὴρ
801 2837 952 2920 Δαυίδης
979 2850 1050 2914 τοῖς
1075 2837 1173 2924 μένει

118 2939 361 3027 πεπραγμένοις
387 2942 525 3024 ἤχθετο,
553 2946 663 3025 φιλῶν
691 2938 728 3005 δὲ
751 2943 810 3006 τὸν
830 2939 981 3025 Ἀμνῶνα
1005 2948 1138 3030 σφόδρα

118 3046 357 3135 (πρεσβύτατος
388 3047 451 3130 γάρ
483 3041 525 3128 ἦν
557 3047 631 3122 υίὸς
662 3044 770 3135 αὐτῷ)
802 3049 846 3132 μὴ
879 3054 997 3115 λυπεῖν
1034 3053 1138 3119 αὐτὸν

119 3153 326 3236 ἠναγκάζετο.
364 3152 382 3217 ὁ
402 3149 433 3214 δ’
452 3149 687 3235 Ἀβεσάλωμος,
707 3151 811 3236 έμίσει
829 3157 892 3241 γάρ
910 3162 1060 3239 χαλεπῶς
1079 3160 1137 3224 αύ-

119 3262 178 3324 τὸν
195 3258 250 3324 καὶ
270 3259 461 3343 λανθάνων,
483 3259 601 3344 καιρὸν
620 3260 667 3334 είς
686 3260 817 3344 ἄμυναν
836 3263 938 3326 αὐτοῦ
957 3272 1015 3346 τῆς
1034 3264 1137 3350 ἁμαρ-

119 3367 191 3440 τιάς
210 3364 397 3448 ἐπιτήδειον
414 3366 674 3452 παρεφύλαττεν.
716 3367 825 3451 <174>
841 3370 912 3444 έτος
931 3367 961 3432 δ’
983 3370 1046 3452 ἤδη
1066 3384 1137 3448 τοῖς
1152 3393 1173 3433 ει

191 3489 277 3548 §170
298 3513 330 3532 =
350 3494 366 3540 2
386 3487 454 3555 Reg.
473 3487 595 3542 XH116.
