2400 3840
116 108 159 173 66
481 111 756 163 ΑΡΧΑΙΟΛΟΓΙΑΣ

115 281 262 337 πεσοῦσα
290 270 343 338 ἐπὶ
370 276 549 358 πρόσωπον
571 273 782 357 προσεκύνει,
809 271 863 337 καὶ
887 284 954 337 τῶν
977 270 1039 356 μὲν
1062 277 1134 336 Να-

116 379 222 461 βάλου
245 381 355 461 λύγων
378 378 483 444 ἐδεῖτο
507 378 550 462 μὴ
578 382 800 463 μνημονεύειν
828 376 883 463 (οὐ
910 381 973 463 γὰρ
997 379 1133 460 ἀγνοεῖν

116 483 220 548 αὐτὸν
239 485 355 568 ὅμοιον
374 488 454 551 ὄντα
472 495 517 572 τῳ
539 485 690 569 ὀνόματι·
715 487 872 570 Νάβαλος
890 487 952 570 γάρ
971 487 1053 549 κατὰ
1071 487 1135 567 τὴν

111 587 274 675 Ἑβραίων
296 595 446 673 γλῶτταν
473 591 670 676 ἀφροσύνην
698 590 824 676 δηλοῖ),
852 590 934 674 αὐτη
959 590 989 654 δ’
1016 591 1133 656 ἀπελο-

114 707 204 778 γεῖτο
246 696 289 781 μὴ
326 697 516 762 θεάσασθαι
555 700 634 774 τοὺς
669 696 885 781 πεμφθέντας
921 695 978 762 ὑπ’
1018 696 1162 762 αὐτοῦσ

115 802 224 885 <303>
248 803 317 870 (διὸ
341 802 550 887 συγγίνωσκέ
571 804 643 889 μοι’
667 807 760 889 φησί,
784 802 853 868 ‘nal
877 814 922 891 τῷ
941 811 1011 891 θεῷ
1034 804 1134 888 χάριν

116 910 168 992 ἔχε
181 910 348 975 κωλύοντί
364 929 400 975 σε
418 918 603 995 μιανθῆναι
618 910 822 998 ἀνθρωπίνῳ
837 912 959 993 αἵματι.
990 908 1135 993 μένοντα

115 1014 178 1099 γάρ
211 1032 248 1079 σε
279 1019 432 1102 καθαρὸν
459 1016 584 1094 ἐκεῖνος
619 1017 718 1093 αὐτὸς
750 1015 914 1114 ἐκδικήσει
945 1018 1044 1099 παρὰ·
1066 1027 1136 1080 τῶν

115 1133 281 1205 πονηρῶν.
327 1123 433 1209 ἀγάρ
458 1122 623 1208 ἐκδέχεται
645 1125 729 1188 κακδι
753 1123 924 1207 Νάβαλον,
951 1131 1055 1186 ταῦτα
1078 1121 1134 1186 καὶ

115 1239 187 1303 ταῖς
210 1239 278 1293 τῶν
301 1228 434 1315 ἐχθρῶν
453 1247 515 1296 σου
537 1237 697 1315 κεφαλαῖς
721 1228 869 1314 ἐμπέσοι·
899 1231 1009 1312 <304>
1032 1238 1134 1311 γενοῦ
1151 1245 1177 1283 10

117 1330 148 1398 δ’
178 1333 318 1419 εὐμενής
349 1360 419 1420 μοι,
451 1339 568 1423 κρίνας
599 1336 695 1414 ἀξίαν
727 1345 787 1401 τοῦ
814 1333 892 1421 παρ’
923 1334 1004 1418 ἐμοῦ
1031 1344 1135 1399 ταῦτα

116 1438 292 1525 δέξασθαι,
318 1440 373 1506 καὶ
396 1445 455 1508 τὸν
478 1445 591 1528 θυμὸν
614 1441 669 1508 καὶ
697 1444 758 1525 την
782 1443 887 1528 ὀργὴν
909 1443 971 1525 την
999 1440 1051 1505 ἐπὶ
1075 1443 1136 1506 τὸν

116 1547 223 1632 ἀνδρα
251 1572 316 1632 μου
342 1546 398 1614 καὶ
425 1551 484 1615 τὸν
512 1545 606 1614 οἷκον
633 1548 737 1615 αὐτοῦ
765 1552 812 1626 είς
839 1549 901 1633 τὴν
931 1548 1013 1633 ἐμὴν
1036 1551 1136 1632 τιμὴν

117 1653 209 1737 ἀφες.
254 1653 370 1739 πρέπει
393 1657 456 1741 γάρ
480 1652 592 1744 ἡμέρῳ
616 1671 669 1720 σοι
688 1653 743 1719 καὶ
762 1656 991 1743 φιλανθρώπῳ
1015 1656 1136 1739 τυγχά-

117 1782 200 1843 νειν,
222 1759 277 1825 καὶ
299 1771 402 1827 ταῦτα
425 1759 579 1846 μέλλοντι
604 1761 814 1846 βασιλεύεινῖ
861 1762 968 1844 <305>
992 1761 1010 1826 ὃ
1035 1758 1072 1825 δὲ
1096 1763 1135 1826 τά
1152 1776 1178 1815 15

118 1869 210 1952 δῶρα
233 1866 410 1952 δεξάμενος
434 1868 528 1934 ἀλλά
548 1866 600 1933 σέ’
621 1871 724 1952 φησίν
744 1864 786 1933 “ὧ
805 1869 916 1951 γύναι,
939 1870 1019 1944 θεὸς
1043 1866 1137 1951 εὐμε-

117 1974 178 2056 νης
200 1974 303 2056 ἤγαγε
325 1975 408 2058 πρὸς
429 1972 514 2057 ἡμᾶς
538 1973 698 2058 σάμερον·
731 1971 772 2036 οὐ
798 1973 861 2058 γάρ
890 1971 931 2036 άν
958 1973 1019 2054 τὴν
1043 1971 1137 2056 ἐπερ-

117 2078 262 2162 χομένην
287 2076 414 2163 ἡμέραν
441 2075 541 2161 εἶδες,
572 2077 653 2162 ἐμοῦ
680 2080 740 2144 τὸν
767 2074 861 2143 οἷκον
888 2080 947 2143 τὸν
975 2078 1138 2160 Ναβάλου

118 2185 175 2247 διὰ
201 2185 301 2265 τῆσδε
328 2193 387 2266 τῆς
415 2186 535 2260 νυκτὸς
563 2184 747 2268 ὀμόσαντος
773 2183 910 2248 ἀπολεῖν
939 2181 994 2246 καλ
1018 2180 1134 2265 μηδέν’

117 2289 212 2372 ὑμῶν
240 2287 434 2365 ἀπολείψειν
464 2286 520 2353 ἀπ’
546 2289 670 2375 ἀνδρὸς
696 2298 846 2373 πονηροῦ
873 2287 928 2352 καὶ
956 2289 1138 2373 ἀχαρίστου
1152 2309 1178 2348 κο

118 2396 201 2478 πρὸς
224 2391 280 2478 ἐμέ
303 2392 358 2458 καὶ
381 2396 459 2471 τοὺς
482 2392 582 2478 ἐμοὺς
605 2392 757 2480 ἑταίρους
778 2393 970 2478 γενομένου.
1016 2404 1080 2459 νῦν
1100 2392 1138 2459 δὲ

119 2500 279 2586 φθάσασα
306 2501 493 2586 προύλαβες
518 2500 815 2585 καταμειλίξασθαί
840 2525 904 2585 μου
932 2503 991 2566 τὸν
1014 2505 1138 2584 θυμόν,

119 2605 307 2692 κηδομένου
340 2624 402 2673 σου
429 2616 490 2673 τοῦ
522 2614 616 2673 θεοῦ.
667 2608 750 2675 ἀλλὰ
778 2609 934 2693 Νάβαλος
966 2606 1042 2691 μέν,
1074 2607 1139 2672 κάν

120 2715 231 2800 ἀφεθῇ
251 2725 316 2781 νῦν
334 2717 391 2780 διά
405 2711 441 2780 σέ
460 2724 518 2799 τῆς
532 2718 700 2801 τιμωρίας,
720 2715 761 2780 ού
777 2714 931 2799 φεύξεται
949 2715 1011 2796 την
1030 2715 1138 2796 δίκην,

120 2819 192 2887 ἀλλ’
219 2822 237 2886 δ
261 2824 383 2907 τρόπος
407 2820 509 2887 αὐτὸν
533 2822 659 2904 ἀπολεῖ,
682 2822 794 2905 λαβὼν
817 2823 926 2885 αίτίαν
949 2819 1074 2902 ἀλλην.’
1152 2839 1180 2878 25

84 2946 101 2994 8
188 2926 297 3008 <306>
320 2924 412 2990 ταῦτ’
439 2927 546 2991 εἰπὼν
569 2927 708 2991 ἀπολύει
731 2925 792 3007 τὴν
814 2937 969 3008 γυναῖκα·
992 2926 1012 3009 ἣ
1037 2925 1068 2989 δ’
1091 2928 1139 3002 είς

119 3034 180 3097 τὸν
208 3026 302 3094 οἷκον
330 3030 477 3095 ἐλθοῦσα
503 3027 558 3096 καὶ
585 3035 816 3116 καταλαβοῦσα
845 3034 904 3097 τὸν
927 3034 1034 3117 ἀνδρα
1057 3035 1139 3116 μετὰ

118 3142 252 3203 κολλῶν
275 3135 504 3221 εὐωχούμενον
531 3133 586 3201 καὶ
613 3136 843 3223 κεκαρωμένον
870 3139 948 3221 ἤδη,
976 3141 1049 3203 τότε
1076 3136 1139 3222 μὲν

119 3238 220 3308 οὐδὲν
247 3254 315 3307 τῶν
342 3241 571 3328 γεγενημένων
599 3245 766 3328 διεσάφει,
793 3254 832 3329 τη
861 3243 893 3309 δ’
919 3244 1057 3329 έπιούση
1080 3248 1139 3327 κη’-

118 3373 219 3435 φοντι
234 3350 363 3415 ἅπαντα
378 3351 552 3434 δηλώσασα
567 3358 755 3436 παρεθῆναι
769 3349 824 3415 καὶ
838 3361 905 3417 πᾶν
916 3351 1004 3439 αὐτῷ
1015 3375 1137 3437 νεκρω-
1154 3370 1182 3409 30

190 3471 599 3540 §302=1Reg.XXV23.
