2400 3840
507 158 631 210 οΓΔοΗ
827 158 830 163 ·
1015 159 1077 223 193
1130 151 1131 154 ’

57 320 223 402 τοσαύτην
246 318 410 402 ἀνήγαγες
433 317 545 401 δόξαν,
568 319 677 402 <113>
701 316 809 384 ἔπειθ’
830 315 913 404 ὑπὲρ
933 318 1077 403 ἐμαυτοῦ

56 426 164 491 πάντα
191 421 286 509 μέχρι
309 433 368 508 τῆς
389 425 560 511 παρούσης
586 421 711 511 ήμέρας
738 425 759 490 ἀ
781 436 941 510 προεῖπας
964 447 1077 491 πεποι-

56 534 161 614 ηκότι,
186 529 305 613 δέομαί
320 554 355 595 τε
373 539 434 596 τοῦ
453 536 571 596 λοιποῦ
589 541 747 616 χορηγεῖν
768 531 829 596 ὅσα
848 536 917 618 θεῷ
936 530 1078 614 δύναμις

57 637 253 722 ἀνθρώποις
279 638 344 702 ὑπὸ
374 645 435 702 σοῦ
463 635 705 722 τετιμημένοις,
731 633 787 701 καὶ
814 638 874 702 τὸν
901 631 995 703 οίκον
1018 639 1077 702 τὸν

29 742 218 829 εήμέτερου
241 741 354 820 αῦξειν
377 745 425 819 είς
447 743 545 826 ἀπαν,
571 743 617 820 ὡς
639 745 922 826 καθωμολόγησας
943 745 1077 828 Δαυίδη

56 859 102 936 τῷ
125 852 229 934 πατρί
250 872 315 932 μου
341 846 397 913 καὶ
422 851 517 926 ζῶντι
544 847 600 914 καὶ
627 850 716 935 παρὰ
743 849 804 932 τήν
827 851 998 933 τελευτήν,
1026 851 1076 915 ὅτι

57 953 134 1041 παρ’
156 954 237 1038 ήμῖν
258 953 278 1038 ή
298 957 450 1040 βασιλεία
469 966 563 1040 μενεῖ
578 953 634 1020 καὶ
652 957 689 1021 τὸ
709 953 839 1021 ἐκείνου
858 953 954 1039 γένος
972 956 1077 1038 αὐτήν

57 1061 231 1146 διαδοχαῖς
254 1059 385 1146 ἀμείψει
404 1063 547 1148 μυρίαις.
592 1058 684 1127 ταῦτ’
705 1056 768 1127 οὖν
785 1062 866 1148 ἡμῖν
885 1061 1077 1149 ἐπάρκεσον,
1111 1064 1114 1074 '

55 1165 113 1232 καὶ
140 1165 235 1232 παισὶ
261 1176 332 1244 τοῖς
360 1165 452 1252 ἐμοῖς
479 1166 600 1254 ἀρετήν
627 1161 648 1254 ή
676 1171 717 1234 σὺ
744 1172 870 1256 χαίρεις
896 1179 1076 1255 παρασχοῦ.

15 1298 43 1339 10
56 1274 167 1358 <114>
195 1275 279 1360 πρὸς
307 1270 344 1339 δὲ
370 1275 502 1351 τούτοις
530 1275 663 1341 ἱκετεύω
691 1273 747 1340 καὶ
774 1275 896 1361 μοῖράν
918 1299 994 1340 τινα
1016 1285 1077 1341 τοῦ

57 1389 120 1445 σοῦ
143 1381 331 1465 πνεύματος
354 1382 402 1457 είς
423 1381 483 1446 τὸν
506 1383 591 1446 ναὸν
613 1363 794 1466 ἀποικίσαι,
817 1382 862 1458 ὡς
884 1381 926 1446 ἀν
948 1379 1004 1446 καὶ
1023 1380 1076 1446 ἐπὶ

56 1494 120 1570 γῆς
141 1486 222 1570 ήμῖν
246 1481 332 1552 εἶναι
356 1488 464 1572 δοκῇς.
510 1486 564 1554 σοὶ
586 1485 648 1572 μὲν
666 1489 729 1575 γάρ
749 1490 867 1575 μικρὸν
886 1490 1076 1573 οἰκητήριον

55 1591 113 1658 καὶ
136 1596 174 1659 τὸ
195 1602 262 1659 πῖιν
280 1592 427 1678 οὐρανοῦ
445 1591 501 1658 καὶ
519 1605 587 1660 τῦν
604 1596 687 1660 κατά
704 1604 824 1661 τοῦτον
843 1597 951 1661 όντων
967 1597 1076 1679 κύτος,

57 1699 119 1785 οὐχ
148 1700 198 1765 ότι
226 1720 264 1782 γε
292 1695 389 1778 οὗτος
416 1699 434 1766 ό
462 1701 572 1785 τυχὼν
599 1702 693 1778 ναός·
725 1700 808 1766 ἀλλά
837 1702 1017 1784 φυλάττειν
1044 1700 1073 1766 τ’

15 1829 42 1871 15
57 1806 253 1891 ἀπόρθητον
272 1804 308 1870 ἐκ
321 1808 489 1890 πολεμίων
507 1806 552 1883 ὡς
567 1806 657 1871 ίδιον
675 1807 723 1883 είς
742 1805 829 1871 άπαν
846 1803 902 1870 καὶ
918 1819 1076 1892 προνοεῖν

57 1914 103 1989 ὡς
127 1915 252 1977 οίκειόν
274 1913 436 1997 κτήματος
457 1917 646 1998 παρακαλῶ.
692 1912 802 1996 <115>
829 1911 893 1976 κάν
920 1911 1075 1997 ἀμαρτών

56 2041 137 2084 ποτε
164 2018 182 2085 ό
210 2021 290 2095 λαὸς
316 2019 413 2104 τύχη,
446 2020 557 2083 ἔπειτα
583 2023 692 2104 πληγῇ
719 2013 787 2083 τιυὶ
813 2027 901 2105 κακῷ
931 2019 988 2082 διά
1014 2018 1075 2100 τήν

48 2120 222 2211 ’ἁμαρτίαν
250 2123 286 2190 ἐκ
313 2133 390 2209 σοῦ,
417 2133 479 2208 γῆς
506 2123 650 2212 ἀκαρπίᾳ
676 2121 733 2190 καὶ
755 2131 871 2212 φθορᾷ
898 2125 1075 2210 λοιμικήή
1160 2175 1169 2197 ⁶

56 2256 124 2297 τινι
147 2232 276 2297 τούτων
298 2241 366 2295 τῶν
389 2212 597 2316 παθημάτων
624 2221 676 2309 οἷς
698 2233 740 2297 σὺ
762 2233 841 2309 τοὺς
863 2231 1076 2317 παραβάντας

15 2361 43 2402 εο
56 2361 89 2402 τι
112 2349 180 2404 τῶν
203 2339 306 2427 ὁσίων
329 2335 487 2424 μετέρχει,
508 2336 564 2403 καὶ
586 2340 778 2424 καταφεύγη
795 2346 859 2415 πάς
877 2336 1076 2423 ἀθροισθεὶς
1181 2397 1184 2402 .

56 2442 111 2510 ε’πί
134 2446 195 2510 τὸν
216 2446 300 2510 ναὸν
324 2444 480 2509 ίκετεύων
498 2462 536 2510 σε
557 2441 614 2510 καὶ
633 2452 786 2528 σωθῆναι
809 2445 976 2530 δεόμενος,
999 2443 1075 2528 ἐπή-

55 2575 135 2628 κοος
157 2550 261 2617 αὐτοῦ
283 2553 463 2634 γενόμενος
489 2550 535 2627 ὡς
562 2551 662 2616 ἐνδον
689 2551 737 2615 ἀν
760 2548 904 2633 ἐλεήσεις
930 2547 1075 2615 καὶτῶν

56 2669 241 2744 συμφορῶν
259 2655 465 2735 ἀπαλλάξεις.
511 2656 622 2740 <116>
639 2657 764 2738 ταύτην
782 2652 813 2719 δ’
835 2653 895 2739 οὐχ
910 2653 1075 2739 Ἑβραίοις

56 2766 163 2848 μόνον
187 2761 302 2849 δέομαι
325 2765 414 2849 παρά
438 2771 499 2828 σοῦ
517 2763 579 2846 τήν
596 2763 759 2846 βοήθειαν
778 2756 864 2827 εἶναι
885 2765 1074 2844 σφαλεῖσιν·

14 2889 41 2930 2⁵
56 2869 142 2936 ἀλλά
164 2869 227 2935 κάν
250 2869 314 2936 ἀπὸ
337 2869 490 2956 περάτων
512 2877 571 2953 τής
593 2865 789 2952 οἰκουμένης
815 2862 904 2943 τινὲς
929 2865 1075 2950 ἀφίκων-

54 3001 125 3060 ται,
155 2975 219 3041 κάν
246 2977 543 3060 ὁποθενδηποτοῦν
569 2976 851 3061 προστρεπόμενοι
878 2971 934 3038 καὶ
961 2983 1074 3057 τυχεῖν

55 3085 149 3160 τινὸς
171 3081 303 3166 ἀγαθοῦ
329 3088 562 3167 λιπαροῦντες,
590 3081 648 3157 δὸς
674 3079 789 3157 αὐτοῖς
816 3078 955 3163 ἐπήκοος
981 3081 1074 3161 γενό-

55 3211 165 3272 μενος.
215 3188 332 3271 (117)
360 3187 447 3254 οὕτω
475 3188 538 3272 γάρ
566 3185 608 3252 ἀν
635 3187 779 3272 μάθοιεν
805 3184 926 3261 πάντες
953 3183 1003 3249 ὅτι
1031 3187 1073 3248 σὺ

55 3292 118 3379 μὲν
141 3294 241 3371 αὐτὸς
264 3292 452 3378 ἐβουλήθης
478 3291 555 3380 παρ’
580 3292 661 3378 ἡμῖν
687 3292 1000 3373 κατασκευασθῆναί
1020 3306 1072 3355 σοι

13 3418 40 3458 ³⁰
54 3404 115 3467 τὸν
139 3397 244 3484 οίκον,
266 3399 360 3484 ἡμεῖς
383 3398 413 3464 δ’
435 3398 496 3465 οῦκ
519 3398 739 3486 ἀπάνθρωποι
761 3398 946 3483 τὴνφύσιν
965 3395 1073 3482 ἐσμέν,

128 3527 144 3587 §
161 3527 212 3574 113
232 3549 266 3568 =
284 3529 300 3576 3
315 3521 384 3591 Reg.
399 3521 465 3576 VIII
479 3526 526 3587 243
546 3525 561 3574 2
577 3520 670 3576 Pural.
683 3519 726 3576 Ἦ
738 3525 784 3576 ἱῦ.

109 3621 235 3660 Ιοειειευε,
252 3620 284 3660 Π.
901 3612 941 3661 Y}
