2400 3840
513 111 637 161 οΓΔοΗ
788 152 790 154 ,
1018 111 1082 175 173

59 272 294 356 τιμωρήσομαί
310 286 346 334 σε
364 272 513 355 πονηρὸν
534 273 725 355 γενόμενον,
748 272 804 336 ἵνα
827 279 913 359 γνῶς
936 272 986 335 ὅτι
1009 295 1082 357 κερ-

60 380 242 443 δαίνουσιν
270 372 370 440 οὐδὲν
398 377 434 441 οί
458 373 552 441 κακοὶ
584 376 627 460 μή
655 374 733 464 παρ’
764 375 847 440 αὐτὰ
878 377 1082 460 τάδικήματα

59 481 300 566 κολασθέντες,
337 482 422 548 ἀλλὰ
453 481 551 548 παντὶ
588 492 633 570 τῷ
664 486 790 572 χρόνῳ,
827 476 853 571 ᾧ
889 486 1083 567 νομίζουσιν

60 590 173 666 ἀδεεῖς
206 583 291 654 εἶναι
322 586 426 674 μηδὲν
453 592 672 672 πεπονθότες,
704 587 838 667 αὔξεται
869 587 924 654 καὶ
957 592 1083 673 γίνεται

23 725 44 764 ε)
59 698 184 781 μείζων
206 695 227 778 ἡ
251 700 385 774 κόλασις
408 696 522 773 αὐτοῖς
548 692 587 782 ής
614 695 657 761 ἂν
683 700 869 783 παραυτίκα
896 697 1083 780 πλημμελή-

61 820 184 878 σαντες
207 803 348 867 ἔδοσαν)

132 907 187 972 καὶ
206 907 389 992 Σεμέεισον
411 905 474 992 μὲν
495 906 688 985 κελευσθεὶς
706 912 854 986 Βαναίας
877 907 1081 974 ἀπέκτεινεν·

61 1016 154 1098 <21>
176 1016 240 1099 ήδη
265 1013 302 1081 δὲ
325 1016 386 1099 τήν
409 1018 581 1100 βασιλείαν
604 1018 745 1100 βεβαίως
769 1018 853 1100 ἔχων
876 1017 894 1082 ὁ
918 1016 1122 1099 Σολομὼν2

60 1119 120 1186 καὶ
144 1131 212 1186 τῶν
236 1120 368 1209 ἐχθρῶν
392 1120 643 1206 κεκολασμένων
666 1123 779 1205 όίγεται
804 1121 865 1204 τήν
890 1122 1082 1207 Φαραώθου

12 1252 46 1292 ιο
60 1236 125 1292 τοῦ
158 1238 226 1292 τῶν
257 1229 454 1309 Αίγυπτίων
486 1225 647 1311 βασιλέως
678 1223 863 1313 θυγατέρα,
898 1226 954 1293 καὶ
986 1252 1082 1293 κατα-
1096 1286 1109 1306 x

61 1334 229 1411 σκευάσας
251 1336 291 1399 τὰ
314 1336 403 1417 τείχη
427 1343 495 1399 τῶν
513 1331 751 1420 Ἱεροσολύμων
772 1340 885 1422 πολλῷ
908 1337 1004 1419 μείζω
1027 1331 1106 1399 καλι

61 1441 255 1526 ὀχυρώτερα
282 1451 350 1505 τῶν
377 1442 528 1526 πρόσθεν
554 1443 677 1532 όντων,
709 1443 815 1507 διεῖπε
842 1443 882 1507 τὰ
908 1441 1082 1526 πράγματα

61 1548 101 1611 τὸ
126 1548 245 1612 λοιπὸν
269 1543 323 1611 ἐπὶ
345 1552 470 1631 πολλής
494 1548 637 1633 εἰρήνης,
659 1545 736 1630 μηδ’
761 1547 825 1612 ὑπὸ
849 1556 907 1631 τής
929 1549 1083 1629 νεότητος

61 1655 149 1738 πρός
171 1676 206 1717 τε
228 1653 447 1736 δικαιοσύνην
464 1650 519 1718 καὶ
538 1653 692 1737 φυλακήν
710 1664 777 1718 τῶν
795 1656 909 1738 νόμων
927 1650 982 1719 καὶ
1002 1654 1082 1736 μνή-

23 1780 47 1820 ιε
62 1783 131 1844 μην
151 1753 199 1823 ὧν
218 1759 235 1825 ὁ
254 1759 361 1843 πατὴρ
380 1764 544 1824 τελευτῶν
562 1757 725 1824 ἐπέστειλε
743 1760 978 1842 βλαπτόμενος,
999 1757 1082 1823 ἀλλὰ

61 1861 169 1931 πάνθ’
196 1863 245 1930 36⁵
272 1866 307 1930 οί
331 1877 401 1942 τοῖς
427 1867 562 1950 χρόνοις
587 1866 827 1949 προβεβηκότες
853 1860 908 1928 καὶ
935 1865 1018 1948 πρὸς
1044 1865 1081 1928 τὸ

63 1982 207 2056 φρονεῖν
235 1970 431 2054 ἀκμάζοντες
459 1971 539 2055 μετα
566 1974 691 2053 πολλής
717 1968 886 2054 ἀκριβείας
915 1968 1082 2034 ἐπιτελῶν.

63 2077 162 2160 <22>
191 2079 276 2158 ἔγνω
309 2074 340 2141 θ’
370 2079 418 2154 είς
446 2081 606 2162 Χεβρῶνα
637 2079 905 2161 παραγενόμενος
937 2074 989 2140 ἐπὶ
1022 2086 1082 2142 τοῦ

63 2189 190 2268 χαλκοῦ
208 2187 452 2269 θυσιαστηρίου
470 2192 530 2248 τοῦ
548 2181 876 2261 κατασκευασθέντος
893 2184 958 2249 ὑπὸ
980 2187 1082 2248 Μωυ-

28 2311 51 2350 ω
65 2287 141 2366 σέος
168 2297 273 2355 θῦσαι
300 2300 346 2379 τῷ
368 2297 452 2378 θεῷ,
479 2287 534 2355 καλ
560 2294 651 2376 χίλια
677 2293 737 2357 τὸν
764 2291 911 2376 ἀριθμὸν
936 2290 1082 2356 ὡλοκαύ-

64 2413 171 2460 τωσεν
200 2397 311 2479 ίερεῖα.
360 2405 458 2461 τοῶιο
491 2393 528 2461 δὲ
555 2398 695 2481 ποιήσας
727 2397 877 2482 μεγοίλως
904 2396 995 2476 ἔδοξε
1023 2400 1082 2464 τὸν

65 2504 150 2568 θεὸν
172 2500 388 2587 τετιμηκέναι.
435 2500 552 2585 φανεὶς
570 2505 632 2588 γὰρ
652 2504 740 2590 αὐτῷ
760 2504 841 2568 κατα
859 2505 938 2579 τοὺς
955 2503 1082 2580 ὕπνους

66 2608 194 2697 ἐκείνης
216 2618 274 2693 τής
296 2610 416 2685 νυκτὸς
439 2606 610 2673 ἐκέλευσεν
633 2609 802 2692 αἱρεῖσθαι
819 2611 913 2683 τίνας
931 2607 1005 2672 ἀντὶ
1024 2619 1082 2692 τής

66 2716 235 2799 εὐσεβείας
261 2714 413 2801 παράσχῃ
441 2714 529 2803 αὐτῶ
556 2713 690 2799 ὃωρειίς.
736 2713 831 2796 <23>
854 2715 1018 2797 Σολομὼν
1045 2709 1082 2778 δὲ

27 2839 52 2880 25
65 2823 106 2886 τὰ
132 2821 291 2887 κάλλιστα
318 2818 373 2887 καὶ
401 2818 537 2906 μέγιστα
567 2817 622 2885 καὶ
649 2826 719 2907 θεῷ
751 2829 933 2904 παρασχεῖν
964 2819 1082 2901 ήὸιστα

65 2925 121 2992 καὶ
145 2931 261 3012 λαβεῖν
285 2928 453 3017 ἀνθρώπῳ
482 2927 725 3013 συμφορώτατα
751 2927 811 2990 τὸν
837 2925 921 2989 θεὸν
948 2922 1081 3010 ᾔτησεν·

39 3092 42 3097 ⁴
65 3033 107 3098 οὐ
129 3034 193 3119 γὰρ
216 3035 342 3117 χρυσὸν
365 3031 438 3098 οὐδ’
460 3035 608 3120 ίίργυρον
627 3029 706 3098 οὐδὲ
726 3033 786 3097 τὸν
804 3033 907 3097 ἄλλον
925 3036 1081 3115 πλοῦτον,

63 3137 111 3214 ῶς
138 3141 319 3225 ἄνθρωπος
346 3138 400 3204 καὶ
428 3137 518 3223 νέος,
550 3138 690 3222 ήξίωσεν
719 3140 807 3226 αὑτῷ
837 3135 1082 3225 προσγενέσθαι

65 3241 185 3328 (ταῦτα
203 3246 266 3330 γὰρ
286 3248 405 3331 σχεδὸν
424 3249 614 3331 νενόμισται
628 3247 716 3331 παρὰ
730 3256 800 3320 τοῖς
812 3247 978 3321 πλείστοις
997 3248 1082 3328 μόνα

23 3370 51 3409 ³0
65 3352 215 3433 σπουδῆς
243 3350 317 3430 ίίξια
343 3350 398 3417 καὶ
426 3358 511 3418 θεοῦ
539 3354 629 3438 δῶρα
658 3346 773 3437 εἶναι),
801 3349 884 3416 ἄλλοί
912 3350 982 3428 ’δός
1009 3351 1081 3435 μοί’

139 3473 694 3542 §21=3Reg.1111;21³ara1.13.
