<?xml version="1.0" encoding="UTF-8"?>
<!DOCTYPE html PUBLIC "-//W3C//DTD XHTML 1.0 Transitional//EN"
    "http://www.w3.org/TR/xhtml1/DTD/xhtml1-transitional.dtd">
<html xmlns="http://www.w3.org/1999/xhtml" xml:lang="en" lang="en">
 <head>
  <title>
</title>
<meta http-equiv="Content-Type" content="text/html;charset=utf-8" />
  <meta name='ocr-system' content='tesseract 3.04.00' />
  <meta name='ocr-capabilities' content='ocr_page ocr_carea ocr_par ocr_line ocrx_word'/>
</head>
<body>
  <div class='ocr_page' id='page_1' title='image "./operaomniaposti03nabegoog_0070.png"; bbox 0 0 2400 3840; ppageno 0'>
   <div class='ocr_carea' id='block_1_1' title="bbox 561 135 1115 201">
    <p class='ocr_par' dir='ltr' id='par_1_1' title="bbox 561 135 1115 201">
     <span class='ocr_line' id='line_1_1' title="bbox 561 135 1115 201; baseline 0.004 -17"><span class='ocrx_word' id='word_1_1' title='bbox 561 135 659 185; x_wconf 73' lang='grc' dir='ltr'><strong>ΕΚΤΗ</strong></span> <span class='ocrx_word' id='word_1_2' title='bbox 1075 137 1115 201; x_wconf 84' lang='lat'><strong><em>21</em></strong></span> 
     </span>
    </p>
   </div>
   <div class='ocr_carea' id='block_1_2' title="bbox 58 289 1124 3463">
    <p class='ocr_par' dir='ltr' id='par_1_2' title="bbox 58 289 1124 3463">
     <span class='ocr_line' id='line_1_2' title="bbox 101 289 1118 383; baseline 0.008 -27"><span class='ocrx_word' id='word_1_3' title='bbox 101 289 291 376; x_wconf 81' lang='grc' dir='ltr'><strong><em>εὐξαμένων</em></strong></span> <span class='ocrx_word' id='word_1_4' title='bbox 309 302 377 358; x_wconf 89' lang='grc' dir='ltr'><strong><em>τῶν</em></strong></span> <span class='ocrx_word' id='word_1_5' title='bbox 394 292 557 379; x_wconf 80' lang='grc' dir='ltr'><strong><em>πατέρων,</em></strong></span> <span class='ocrx_word' id='word_1_6' title='bbox 577 292 679 381; x_wconf 79' lang='grc' dir='ltr'><strong><em>χωρὶς</em></strong></span> <span class='ocrx_word' id='word_1_7' title='bbox 697 293 857 379; x_wconf 89' lang='grc' dir='ltr'><strong><em>βασιλέως</em></strong></span> <span class='ocrx_word' id='word_1_8' title='bbox 875 295 1037 383; x_wconf 87' lang='grc' dir='ltr'><strong><em>παρέσχεν</em></strong></span> <span class='ocrx_word' id='word_1_9' title='bbox 1060 300 1118 364; x_wconf 89' lang='grc' dir='ltr'><strong><em>αύ-</em></strong></span> 
     </span>
     <span class='ocr_line' id='line_1_3' title="bbox 101 399 1120 486; baseline 0.007 -23"><span class='ocrx_word' id='word_1_10' title='bbox 101 409 170 474; x_wconf 89' lang='grc' dir='ltr'><strong><em>τοῖς</em></strong></span> <span class='ocrx_word' id='word_1_11' title='bbox 188 399 358 484; x_wconf 80' lang='grc' dir='ltr'><strong><em>ῥύσασθαι</em></strong></span> <span class='ocrx_word' id='word_1_12' title='bbox 376 409 435 484; x_wconf 85' lang='grc' dir='ltr'><strong><em>τής</em></strong></span> <span class='ocrx_word' id='word_1_13' title='bbox 453 400 599 484; x_wconf 76' lang='grc' dir='ltr'><strong><em>ἀνάγκης</em></strong></span> <span class='ocrx_word' id='word_1_14' title='bbox 616 403 653 467; x_wconf 91' lang='grc' dir='ltr'><strong><em>τὸ</em></strong></span> <span class='ocrx_word' id='word_1_15' title='bbox 672 407 813 486; x_wconf 79' lang='grc' dir='ltr'><strong><em>πλῆθος,</em></strong></span> <span class='ocrx_word' id='word_1_16' title='bbox 835 406 989 486; x_wconf 88' lang='grc' dir='ltr'><strong><em>Μωυσήν</em></strong></span> <span class='ocrx_word' id='word_1_17' title='bbox 1006 405 1120 483; x_wconf 84' lang='grc' dir='ltr'><strong><em>αὐτοῖς</em></strong></span> 
     </span>
     <span class='ocr_line' id='line_1_4' title="bbox 100 502 1119 593; baseline 0.006 -24"><span class='ocrx_word' id='word_1_18' title='bbox 100 503 155 568; x_wconf 83' lang='grc' dir='ltr'><strong><em>καὶ</em></strong></span> <span class='ocrx_word' id='word_1_19' title='bbox 180 502 330 590; x_wconf 80' lang='grc' dir='ltr'><strong><em>Ἀαρῶνα</em></strong></span> <span class='ocrx_word' id='word_1_20' title='bbox 361 506 492 591; x_wconf 82' lang='grc' dir='ltr'><strong><em>πέμψας</em></strong></span> <span class='ocrx_word' id='word_1_21' title='bbox 524 507 705 592; x_wconf 87' lang='grc' dir='ltr'><strong><em>ἀδελφούς,</em></strong></span> <span class='ocrx_word' id='word_1_22' title='bbox 737 511 773 573; x_wconf 75' lang='grc' dir='ltr'><strong><em>οἳ</em></strong></span> <span class='ocrx_word' id='word_1_23' title='bbox 801 509 928 591; x_wconf 85' lang='grc' dir='ltr'><strong><em>ήγαγον</em></strong></span> <span class='ocrx_word' id='word_1_24' title='bbox 959 509 1044 593; x_wconf 84' lang='grc' dir='ltr'><strong><em>ὑμᾶς</em></strong></span> <span class='ocrx_word' id='word_1_25' title='bbox 1072 513 1119 588; x_wconf 89' lang='grc' dir='ltr'><strong><em>είς</em></strong></span> 
     </span>
     <span class='ocr_line' id='line_1_5' title="bbox 99 612 1119 698; baseline 0.007 -23"><span class='ocrx_word' id='word_1_26' title='bbox 99 612 200 693; x_wconf 89' lang='grc' dir='ltr'><strong><em>τήνδε</em></strong></span> <span class='ocrx_word' id='word_1_27' title='bbox 223 613 284 695; x_wconf 85' lang='grc' dir='ltr'><strong><em>τήν</em></strong></span> <span class='ocrx_word' id='word_1_28' title='bbox 307 622 371 697; x_wconf 77' lang='grc' dir='ltr'><strong><em>γῆν</em></strong></span> <span class='ocrx_word' id='word_1_29' title='bbox 393 613 435 696; x_wconf 83' lang='grc' dir='ltr'><strong><em>ήν</em></strong></span> <span class='ocrx_word' id='word_1_30' title='bbox 457 623 522 680; x_wconf 84' lang='grc' dir='ltr'><strong><em>νῦν</em></strong></span> <span class='ocrx_word' id='word_1_31' title='bbox 550 616 645 698; x_wconf 82' lang='grc' dir='ltr'><strong><em>ἔχετε.</em></strong></span> <span class='ocrx_word' id='word_1_32' title='bbox 692 615 778 698; x_wconf 84' lang='grc'>&lt;90&gt;</span> <span class='ocrx_word' id='word_1_33' title='bbox 802 613 857 679; x_wconf 82' lang='grc' dir='ltr'><strong><em>καὶ</em></strong></span> <span class='ocrx_word' id='word_1_34' title='bbox 884 615 1012 680; x_wconf 92' lang='grc' dir='ltr'><strong><em>τούτων</em></strong></span> <span class='ocrx_word' id='word_1_35' title='bbox 1039 616 1119 682; x_wconf 90' lang='grc' dir='ltr'><strong><em>ἀπο-</em></strong></span> 
     </span>
     <span class='ocr_line' id='line_1_6' title="bbox 71 717 1119 807; baseline 0.006 -25"><span class='ocrx_word' id='word_1_36' title='bbox 71 718 283 795; x_wconf 74' lang='grc' dir='ltr'><strong><em>ὁλαύσαντες</em></strong></span> <span class='ocrx_word' id='word_1_37' title='bbox 301 717 337 784; x_wconf 88' lang='grc' dir='ltr'><strong><em>έκ</em></strong></span> <span class='ocrx_word' id='word_1_38' title='bbox 355 729 416 785; x_wconf 85' lang='grc' dir='ltr'><strong><em>τοῦ</em></strong></span> <span class='ocrx_word' id='word_1_39' title='bbox 434 726 518 786; x_wconf 81' lang='grc' dir='ltr'><strong><em>θεοῦ</em></strong></span> <span class='ocrx_word' id='word_1_40' title='bbox 536 720 767 805; x_wconf 76' lang='grc' dir='ltr'><strong><em>προδεδώκατε</em></strong></span> <span class='ocrx_word' id='word_1_41' title='bbox 783 721 845 803; x_wconf 83' lang='grc' dir='ltr'><strong><em>τήν</em></strong></span> <span class='ocrx_word' id='word_1_42' title='bbox 862 725 1046 807; x_wconf 76' lang='grc' dir='ltr'><strong><em>θρησκείαν</em></strong></span> <span class='ocrx_word' id='word_1_43' title='bbox 1063 721 1119 788; x_wconf 80' lang='grc' dir='ltr'><strong><em>καὶ</em></strong></span> 
     </span>
     <span class='ocr_line' id='line_1_7' title="bbox 98 822 1119 912; baseline 0.007 -24"><span class='ocrx_word' id='word_1_44' title='bbox 98 824 163 906; x_wconf 84' lang='grc' dir='ltr'><strong><em>τήν</em></strong></span> <span class='ocrx_word' id='word_1_45' title='bbox 186 822 366 909; x_wconf 83' lang='grc' dir='ltr'><strong><em>εὐσέβειαν.</em></strong></span> <span class='ocrx_word' id='word_1_46' title='bbox 412 825 453 890; x_wconf 89' lang='grc' dir='ltr'><strong><em>ού</em></strong></span> <span class='ocrx_word' id='word_1_47' title='bbox 477 827 543 910; x_wconf 82' lang='grc' dir='ltr'><strong><em>μὴν</em></strong></span> <span class='ocrx_word' id='word_1_48' title='bbox 566 824 726 891; x_wconf 76' lang='grc' dir='ltr'><strong><em>ἀλλὰκαὶ</em></strong></span> <span class='ocrx_word' id='word_1_49' title='bbox 753 838 824 904; x_wconf 87' lang='grc' dir='ltr'><strong><em>τοῖς</em></strong></span> <span class='ocrx_word' id='word_1_50' title='bbox 845 830 1016 912; x_wconf 86' lang='grc' dir='ltr'><strong><em>πολεμίοις</em></strong></span> <span class='ocrx_word' id='word_1_51' title='bbox 1037 829 1119 895; x_wconf 88' lang='grc' dir='ltr'><strong><em>ὑπο-</em></strong></span> 
     </span>
     <span class='ocr_line' id='line_1_8' title="bbox 98 930 1119 1019; baseline 0.008 -25"><span class='ocrx_word' id='word_1_52' title='bbox 98 932 248 1015; x_wconf 89' lang='grc' dir='ltr'><strong><em>χειρίους</em></strong></span> <span class='ocrx_word' id='word_1_53' title='bbox 270 930 512 1016; x_wconf 76' lang='grc' dir='ltr'><strong><em>γεγενημένους</em></strong></span> <span class='ocrx_word' id='word_1_54' title='bbox 532 930 753 1018; x_wconf 87' lang='grc' dir='ltr'><strong><em>ήλευθέρωσε,</em></strong></span> <span class='ocrx_word' id='word_1_55' title='bbox 775 943 909 1018; x_wconf 89' lang='grc' dir='ltr'><strong><em>πρῶτον</em></strong></span> <span class='ocrx_word' id='word_1_56' title='bbox 927 931 989 1019; x_wconf 73' lang='grc' dir='ltr'><strong><em>μὲν</em></strong></span> <span class='ocrx_word' id='word_1_57' title='bbox 1005 933 1119 1002; x_wconf 87' lang='grc' dir='ltr'><strong><em>Ἀσσυ-</em></strong></span> 
     </span>
     <span class='ocr_line' id='line_1_9' title="bbox 99 1034 1119 1128; baseline 0.008 -28"><span class='ocrx_word' id='word_1_58' title='bbox 99 1040 185 1122; x_wconf 88' lang='grc' dir='ltr'><strong><em>ρίων</em></strong></span> <span class='ocrx_word' id='word_1_59' title='bbox 216 1034 271 1101; x_wconf 81' lang='grc' dir='ltr'><strong><em>καὶ</em></strong></span> <span class='ocrx_word' id='word_1_60' title='bbox 302 1046 361 1122; x_wconf 87' lang='grc' dir='ltr'><strong><em>τής</em></strong></span> <span class='ocrx_word' id='word_1_61' title='bbox 393 1037 530 1103; x_wconf 78' lang='grc' dir='ltr'><strong><em>ἐκείνων</em></strong></span> <span class='ocrx_word' id='word_1_62' title='bbox 563 1039 676 1123; x_wconf 91' lang='grc' dir='ltr'><strong><em>ίσχύος</em></strong></span> <span class='ocrx_word' id='word_1_63' title='bbox 707 1037 908 1126; x_wconf 81' lang='grc' dir='ltr'><strong><em>ὑπερτέρους</em></strong></span> <span class='ocrx_word' id='word_1_64' title='bbox 935 1040 1119 1128; x_wconf 86' lang='grc' dir='ltr'><strong><em>ἀπεργασά-</em></strong></span> 
     </span>
     <span class='ocr_line' id='line_1_10' title="bbox 100 1141 1118 1233; baseline 0.004 -25"><span class='ocrx_word' id='word_1_65' title='bbox 100 1166 218 1228; x_wconf 83' lang='grc' dir='ltr'><strong><em>μενος,</em></strong></span> <span class='ocrx_word' id='word_1_66' title='bbox 259 1145 370 1209; x_wconf 83' lang='grc' dir='ltr'><strong><em>ἔιιειτα</em></strong></span> <span class='ocrx_word' id='word_1_67' title='bbox 403 1141 610 1230; x_wconf 79' lang='grc' dir='ltr'><strong><em>Ἀμμανιτῶν</em></strong></span> <span class='ocrx_word' id='word_1_68' title='bbox 650 1154 810 1232; x_wconf 80' lang='grc' dir='ltr'><strong><em>κρατήσαι</em></strong></span> <span class='ocrx_word' id='word_1_69' title='bbox 845 1149 1024 1233; x_wconf 82' lang='grc' dir='ltr'><strong><em>παρασχὼν</em></strong></span> <span class='ocrx_word' id='word_1_70' title='bbox 1062 1147 1118 1214; x_wconf 82' lang='grc' dir='ltr'><strong><em>καὶ</em></strong></span> 
     </span>
     <span class='ocr_line' id='line_1_11' title="bbox 60 1247 1116 1334; baseline 0.005 -19"><span class='ocrx_word' id='word_1_71' title='bbox 60 1266 86 1306; x_wconf 83' lang='grc'><strong><em>10</em></strong></span> <span class='ocrx_word' id='word_1_72' title='bbox 99 1253 308 1334; x_wconf 84' lang='grc' dir='ltr'><strong><em>Μωαβιτῶν,</em></strong></span> <span class='ocrx_word' id='word_1_73' title='bbox 339 1247 395 1316; x_wconf 81' lang='grc' dir='ltr'><strong><em>καὶ</em></strong></span> <span class='ocrx_word' id='word_1_74' title='bbox 426 1255 617 1318; x_wconf 90' lang='grc' dir='ltr'><strong><em>τελευταῖον</em></strong></span> <span class='ocrx_word' id='word_1_75' title='bbox 649 1257 894 1319; x_wconf 90' lang='grc' dir='ltr'><strong><em>Παλαιστινῶν.</em></strong></span> <span class='ocrx_word' id='word_1_76' title='bbox 938 1251 993 1318; x_wconf 84' lang='grc' dir='ltr'><strong><em>καὶ</em></strong></span> <span class='ocrx_word' id='word_1_77' title='bbox 1024 1253 1116 1320; x_wconf 82' lang='grc' dir='ltr'><strong><em>ταῦτ’</em></strong></span> 
     </span>
     <span class='ocr_line' id='line_1_12' title="bbox 100 1354 1119 1444; baseline 0.003 -23"><span class='ocrx_word' id='word_1_78' title='bbox 100 1355 142 1421; x_wconf 87' lang='grc' dir='ltr'><strong><em>οὐ</em></strong></span> <span class='ocrx_word' id='word_1_79' title='bbox 166 1354 328 1440; x_wconf 88' lang='grc' dir='ltr'><strong><em>βασιλέως</em></strong></span> <span class='ocrx_word' id='word_1_80' title='bbox 346 1356 536 1442; x_wconf 79' lang='grc' dir='ltr'><strong><em>ἡγουμένου</em></strong></span> <span class='ocrx_word' id='word_1_81' title='bbox 560 1357 792 1443; x_wconf 76' lang='grc' dir='ltr'><strong><em>διεπράξασθε,</em></strong></span> <span class='ocrx_word' id='word_1_82' title='bbox 815 1356 888 1425; x_wconf 85' lang='grc' dir='ltr'><strong><em>ἀλλ’</em></strong></span> <span class='ocrx_word' id='word_1_83' title='bbox 906 1355 1041 1444; x_wconf 85' lang='grc' dir='ltr'><strong><em>Ἰεφθοῦ</em></strong></span> <span class='ocrx_word' id='word_1_84' title='bbox 1062 1358 1119 1426; x_wconf 80' lang='grc' dir='ltr'><strong><em>καὶ</em></strong></span> 
     </span>
     <span class='ocr_line' id='line_1_13' title="bbox 102 1461 1119 1551; baseline 0.006 -24"><span class='ocrx_word' id='word_1_85' title='bbox 102 1463 273 1540; x_wconf 90' lang='grc' dir='ltr'><strong><em>Γεδεῶνος</em></strong></span> <span class='ocrx_word' id='word_1_86' title='bbox 300 1465 583 1549; x_wconf 82' lang='grc' dir='ltr'><strong><em>στρατηγούντων.</em></strong></span> <span class='ocrx_word' id='word_1_87' title='bbox 630 1465 716 1548; x_wconf 85' lang='grc'>&lt;91&gt;</span> <span class='ocrx_word' id='word_1_88' title='bbox 744 1469 795 1543; x_wconf 91' lang='grc' dir='ltr'><strong><em>τίς</em></strong></span> <span class='ocrx_word' id='word_1_89' title='bbox 822 1461 884 1531; x_wconf 85' lang='grc' dir='ltr'><strong><em>οὖν</em></strong></span> <span class='ocrx_word' id='word_1_90' title='bbox 912 1468 1006 1551; x_wconf 80' lang='grc' dir='ltr'><strong><em>ἔσχεν</em></strong></span> <span class='ocrx_word' id='word_1_91' title='bbox 1033 1467 1119 1551; x_wconf 86' lang='grc' dir='ltr'><strong><em>ὑμᾶς</em></strong></span> 
     </span>
     <span class='ocr_line' id='line_1_14' title="bbox 99 1566 1119 1657; baseline 0.005 -23"><span class='ocrx_word' id='word_1_92' title='bbox 99 1570 209 1653; x_wconf 80' lang='grc' dir='ltr'><strong><em>ἄνοια,</em></strong></span> <span class='ocrx_word' id='word_1_93' title='bbox 233 1582 355 1654; x_wconf 82' lang='grc' dir='ltr'><strong><em>φυγεῖν</em></strong></span> <span class='ocrx_word' id='word_1_94' title='bbox 378 1566 440 1655; x_wconf 75' lang='grc' dir='ltr'><strong><em>μὲν</em></strong></span> <span class='ocrx_word' id='word_1_95' title='bbox 458 1572 518 1636; x_wconf 93' lang='grc' dir='ltr'><strong><em>τὸν</em></strong></span> <span class='ocrx_word' id='word_1_96' title='bbox 536 1574 629 1655; x_wconf 88' lang='grc' dir='ltr'><strong><em>θεόν,</em></strong></span> <span class='ocrx_word' id='word_1_97' title='bbox 651 1572 716 1638; x_wconf 86' lang='grc' dir='ltr'><strong><em>ὑπὸ</em></strong></span> <span class='ocrx_word' id='word_1_98' title='bbox 740 1571 878 1657; x_wconf 80' lang='grc' dir='ltr'><strong><em>βασιλέα</em></strong></span> <span class='ocrx_word' id='word_1_99' title='bbox 899 1570 930 1638; x_wconf 92' lang='grc' dir='ltr'><strong><em>δ’</em></strong></span> <span class='ocrx_word' id='word_1_100' title='bbox 952 1568 1038 1639; x_wconf 81' lang='grc' dir='ltr'><strong><em>εἶναι</em></strong></span> <span class='ocrx_word' id='word_1_101' title='bbox 1060 1572 1119 1639; x_wconf 85' lang='grc' dir='ltr'><strong><em>θέ-</em></strong></span> 
     </span>
     <span class='ocr_line' id='line_1_15' title="bbox 99 1673 1118 1762; baseline 0.003 -21"><span class='ocrx_word' id='word_1_102' title='bbox 99 1681 187 1755; x_wconf 86' lang='grc' dir='ltr'><strong><em>λειν;</em></strong></span> <span class='ocrx_word' id='word_1_103' title='bbox 215 1674 288 1743; x_wconf 89' lang='grc' dir='ltr'><strong><em>ἀλλ’</em></strong></span> <span class='ocrx_word' id='word_1_104' title='bbox 315 1676 378 1760; x_wconf 85' lang='grc' dir='ltr'><strong><em>έγδι</em></strong></span> <span class='ocrx_word' id='word_1_105' title='bbox 402 1673 464 1762; x_wconf 72' lang='grc' dir='ltr'><strong><em>μὲν</em></strong></span> <span class='ocrx_word' id='word_1_106' title='bbox 486 1674 641 1757; x_wconf 85' lang='grc' dir='ltr'><strong><em>ἀπέδειξα</em></strong></span> <span class='ocrx_word' id='word_1_107' title='bbox 667 1687 788 1744; x_wconf 86' lang='grc' dir='ltr'><strong><em>τοῦτον</em></strong></span> <span class='ocrx_word' id='word_1_108' title='bbox 816 1679 856 1744; x_wconf 86' lang='grc' dir='ltr'><strong><em>ὃν</em></strong></span> <span class='ocrx_word' id='word_1_109' title='bbox 884 1679 983 1757; x_wconf 83' lang='grc' dir='ltr'><strong><em>αὐτὸς</em></strong></span> <span class='ocrx_word' id='word_1_110' title='bbox 1010 1678 1118 1746; x_wconf 78' lang='grc' dir='ltr'><strong><em>ἐπελέ-</em></strong></span> 
     </span>
     <span class='ocr_line' id='line_1_16' title="bbox 60 1781 1119 1870; baseline 0.004 -24"><span class='ocrx_word' id='word_1_111' title='bbox 60 1797 84 1838; x_wconf 78' lang='lat'><strong><em>1⁶</em></strong></span> <span class='ocrx_word' id='word_1_112' title='bbox 99 1781 191 1860; x_wconf 86' lang='grc' dir='ltr'><strong><em>ξατο·</em></strong></span> <span class='ocrx_word' id='word_1_113' title='bbox 223 1783 279 1849; x_wconf 82' lang='grc' dir='ltr'><strong><em>ἵνα</em></strong></span> <span class='ocrx_word' id='word_1_114' title='bbox 307 1781 420 1868; x_wconf 91' lang='grc' dir='ltr'><strong><em>μέντοι</em></strong></span> <span class='ocrx_word' id='word_1_115' title='bbox 447 1806 485 1866; x_wconf 89' lang='grc' dir='ltr'><strong><em>γε</em></strong></span> <span class='ocrx_word' id='word_1_116' title='bbox 511 1785 660 1870; x_wconf 88' lang='grc' dir='ltr'><strong><em>φανερὸν</em></strong></span> <span class='ocrx_word' id='word_1_117' title='bbox 686 1785 767 1869; x_wconf 87' lang='grc' dir='ltr'><strong><em>ὑμῖν</em></strong></span> <span class='ocrx_word' id='word_1_118' title='bbox 793 1785 921 1867; x_wconf 89' lang='grc' dir='ltr'><strong><em>ποιήσω</em></strong></span> <span class='ocrx_word' id='word_1_119' title='bbox 949 1787 1009 1850; x_wconf 88' lang='grc' dir='ltr'><strong><em>τὸν</em></strong></span> <span class='ocrx_word' id='word_1_120' title='bbox 1036 1787 1119 1850; x_wconf 88' lang='grc' dir='ltr'><strong><em>θεὸν</em></strong></span> 
     </span>
     <span class='ocr_line' id='line_1_17' title="bbox 99 1888 1119 1976; baseline 0 -22"><span class='ocrx_word' id='word_1_121' title='bbox 99 1889 318 1974; x_wconf 81' lang='grc' dir='ltr'><strong><em>ὀργιζόμενον</em></strong></span> <span class='ocrx_word' id='word_1_122' title='bbox 339 1888 395 1954; x_wconf 82' lang='grc' dir='ltr'><strong><em>καὶ</em></strong></span> <span class='ocrx_word' id='word_1_123' title='bbox 414 1890 675 1975; x_wconf 78' lang='grc' dir='ltr'><strong><em>δυσχεραίνοντα</em></strong></span> <span class='ocrx_word' id='word_1_124' title='bbox 697 1899 736 1976; x_wconf 78' lang='grc' dir='ltr'><strong><em>τη</em></strong></span> <span class='ocrx_word' id='word_1_125' title='bbox 759 1899 818 1974; x_wconf 87' lang='grc' dir='ltr'><strong><em>τής</em></strong></span> <span class='ocrx_word' id='word_1_126' title='bbox 836 1893 1005 1973; x_wconf 80' lang='grc' dir='ltr'><strong><em>βασιλείας</em></strong></span> <span class='ocrx_word' id='word_1_127' title='bbox 1024 1890 1119 1974; x_wconf 87' lang='grc' dir='ltr'><strong><em>ὑμῶν</em></strong></span> 
     </span>
     <span class='ocr_line' id='line_1_18' title="bbox 99 1993 1119 2082; baseline 0.001 -23"><span class='ocrx_word' id='word_1_128' title='bbox 99 1993 241 2079; x_wconf 87' lang='grc' dir='ltr'><strong><em>αίρέσει,</em></strong></span> <span class='ocrx_word' id='word_1_129' title='bbox 274 1996 421 2079; x_wconf 88' lang='grc' dir='ltr'><strong><em>δηλῶσαι</em></strong></span> <span class='ocrx_word' id='word_1_130' title='bbox 448 1993 546 2061; x_wconf 86' lang='grc' dir='ltr'><strong><em>τοῦθ’</em></strong></span> <span class='ocrx_word' id='word_1_131' title='bbox 574 1997 656 2082; x_wconf 82' lang='grc' dir='ltr'><strong><em>ὑμῖν</em></strong></span> <span class='ocrx_word' id='word_1_132' title='bbox 683 1998 743 2062; x_wconf 92' lang='grc' dir='ltr'><strong><em>τὸν</em></strong></span> <span class='ocrx_word' id='word_1_133' title='bbox 769 1997 854 2062; x_wconf 92' lang='grc' dir='ltr'><strong><em>θεὸν</em></strong></span> <span class='ocrx_word' id='word_1_134' title='bbox 880 1994 1119 2082; x_wconf 78' lang='grc' dir='ltr'><strong><em>παρασκευάσω</em></strong></span> 
     </span>
     <span class='ocr_line' id='line_1_19' title="bbox 100 2097 1119 2191; baseline 0.003 -27"><span class='ocrx_word' id='word_1_135' title='bbox 100 2101 157 2165; x_wconf 83' lang='grc' dir='ltr'><strong><em>διὰ</em></strong></span> <span class='ocrx_word' id='word_1_136' title='bbox 191 2104 336 2186; x_wconf 88' lang='grc' dir='ltr'><strong><em>σημείων</em></strong></span> <span class='ocrx_word' id='word_1_137' title='bbox 367 2101 526 2188; x_wconf 78' lang='grc' dir='ltr'><strong><em>ἐναργῶν.</em></strong></span> <span class='ocrx_word' id='word_1_138' title='bbox 572 2103 589 2167; x_wconf 89' lang='grc' dir='ltr'><em>ὃ</em></span> <span class='ocrx_word' id='word_1_139' title='bbox 617 2105 680 2189; x_wconf 85' lang='grc' dir='ltr'><strong><em>γάρ</em></strong></span> <span class='ocrx_word' id='word_1_140' title='bbox 713 2104 804 2169; x_wconf 89' lang='grc' dir='ltr'><strong><em>ούπω</em></strong></span> <span class='ocrx_word' id='word_1_141' title='bbox 834 2106 998 2191; x_wconf 88' lang='grc' dir='ltr'><strong><em>πρότερον</em></strong></span> <span class='ocrx_word' id='word_1_142' title='bbox 1027 2097 1119 2169; x_wconf 89' lang='grc' dir='ltr'><strong><em>οίδεν</em></strong></span> 
     </span>
     <span class='ocr_line' id='line_1_20' title="bbox 98 2206 1118 2297; baseline 0.001 -24"><span class='ocrx_word' id='word_1_143' title='bbox 98 2207 197 2291; x_wconf 84' lang='grc' dir='ltr'><strong><em>ὑμῶν</em></strong></span> <span class='ocrx_word' id='word_1_144' title='bbox 224 2206 336 2286; x_wconf 83' lang='grc' dir='ltr'><strong><em>οὐδεὶς</em></strong></span> <span class='ocrx_word' id='word_1_145' title='bbox 363 2208 511 2274; x_wconf 78' lang='grc' dir='ltr'><strong><em>ἐνταῦθα</em></strong></span> <span class='ocrx_word' id='word_1_146' title='bbox 534 2208 769 2294; x_wconf 89' lang='grc' dir='ltr'><strong><em>γεγενημένον,</em></strong></span> <span class='ocrx_word' id='word_1_147' title='bbox 796 2209 921 2297; x_wconf 89' lang='grc' dir='ltr'><strong><em>θέρους</em></strong></span> <span class='ocrx_word' id='word_1_148' title='bbox 945 2210 1031 2296; x_wconf 81' lang='grc' dir='ltr'><strong><em>ἀκμή</em></strong></span> <span class='ocrx_word' id='word_1_149' title='bbox 1053 2233 1118 2293; x_wconf 91' lang='grc' dir='ltr'><strong><em>χει-</em></strong></span> 
     </span>
     <span class='ocr_line' id='line_1_21' title="bbox 58 2314 1119 2402; baseline 0.001 -24"><span class='ocrx_word' id='word_1_150' title='bbox 58 2328 85 2368; x_wconf 81' lang='lat'><strong><em>2⁰</em></strong></span> <span class='ocrx_word' id='word_1_151' title='bbox 99 2324 211 2398; x_wconf 86' lang='grc' dir='ltr'><strong><em>μῶνα,</em></strong></span> <span class='ocrx_word' id='word_1_152' title='bbox 239 2315 456 2400; x_wconf 88' lang='grc' dir='ltr'><strong><em>αίτησάμενος</em></strong></span> <span class='ocrx_word' id='word_1_153' title='bbox 483 2316 543 2381; x_wconf 87' lang='grc' dir='ltr'><strong><em>τὸν</em></strong></span> <span class='ocrx_word' id='word_1_154' title='bbox 569 2317 653 2381; x_wconf 89' lang='grc' dir='ltr'><strong><em>θεὸν</em></strong></span> <span class='ocrx_word' id='word_1_155' title='bbox 679 2314 807 2402; x_wconf 81' lang='grc' dir='ltr'><strong><em>παρέξω</em></strong></span> <span class='ocrx_word' id='word_1_156' title='bbox 831 2326 928 2381; x_wconf 85' lang='grc' dir='ltr'><strong><em>τοῦτο</em></strong></span> <span class='ocrx_word' id='word_1_157' title='bbox 952 2325 1016 2382; x_wconf 86' lang='grc' dir='ltr'><strong><em>νῦν</em></strong></span> <span class='ocrx_word' id='word_1_158' title='bbox 1037 2314 1119 2399; x_wconf 84' lang='grc' dir='ltr'><strong><em>ὑμῖν</em></strong></span> 
     </span>
     <span class='ocr_line' id='line_1_22' title="bbox 99 2418 1120 2505; baseline 0 -20"><span class='ocrx_word' id='word_1_159' title='bbox 99 2419 304 2503; x_wconf 80' lang='grc' dir='ltr'><strong><em>ἐπιγνῶναιῖ</em></strong></span> <span class='ocrx_word' id='word_1_160' title='bbox 349 2420 437 2505; x_wconf 81' lang='grc'>&lt;92&gt;</span> <span class='ocrx_word' id='word_1_161' title='bbox 459 2418 513 2487; x_wconf 80' lang='grc' dir='ltr'><strong><em>καί</em></strong></span> <span class='ocrx_word' id='word_1_162' title='bbox 537 2418 629 2487; x_wconf 88' lang='grc' dir='ltr'><strong><em>ταῦτ’</em></strong></span> <span class='ocrx_word' id='word_1_163' title='bbox 651 2423 802 2499; x_wconf 86' lang='grc' dir='ltr'><strong><em>είπόντος</em></strong></span> <span class='ocrx_word' id='word_1_164' title='bbox 824 2423 908 2505; x_wconf 86' lang='grc' dir='ltr'><strong><em>πρὸς</em></strong></span> <span class='ocrx_word' id='word_1_165' title='bbox 930 2423 967 2487; x_wconf 91' lang='grc' dir='ltr'><strong><em>τὸ</em></strong></span> <span class='ocrx_word' id='word_1_166' title='bbox 988 2425 1120 2504; x_wconf 77' lang='grc' dir='ltr'><strong><em>πλῆθος</em></strong></span> 
     </span>
     <span class='ocr_line' id='line_1_23' title="bbox 98 2524 1119 2616; baseline -0.003 -24"><span class='ocrx_word' id='word_1_167' title='bbox 98 2535 160 2592; x_wconf 84' lang='grc' dir='ltr'><strong><em>τοῦ</em></strong></span> <span class='ocrx_word' id='word_1_168' title='bbox 179 2527 394 2609; x_wconf 85' lang='grc' dir='ltr'><strong><em>Σαμουήλου,</em></strong></span> <span class='ocrx_word' id='word_1_169' title='bbox 413 2531 569 2613; x_wconf 83' lang='grc' dir='ltr'><strong><em>βρονταῖς</em></strong></span> <span class='ocrx_word' id='word_1_170' title='bbox 587 2531 739 2611; x_wconf 88' lang='grc' dir='ltr'><strong><em>σημαίνει</em></strong></span> <span class='ocrx_word' id='word_1_171' title='bbox 757 2528 794 2616; x_wconf 88' lang='grc' dir='ltr'><strong><em>τὸ</em></strong></span> <span class='ocrx_word' id='word_1_172' title='bbox 811 2534 909 2593; x_wconf 85' lang='grc' dir='ltr'><strong><em>θεῖον</em></strong></span> <span class='ocrx_word' id='word_1_173' title='bbox 927 2524 981 2592; x_wconf 82' lang='grc' dir='ltr'><strong><em>καὶ</em></strong></span> <span class='ocrx_word' id='word_1_174' title='bbox 1000 2525 1119 2609; x_wconf 88' lang='grc' dir='ltr'><strong><em>ἀστρα-</em></strong></span> 
     </span>
     <span class='ocr_line' id='line_1_24' title="bbox 98 2628 1120 2720; baseline -0.004 -22"><span class='ocrx_word' id='word_1_175' title='bbox 98 2643 178 2709; x_wconf 90' lang='grc' dir='ltr'><strong><em>παῖς</em></strong></span> <span class='ocrx_word' id='word_1_176' title='bbox 204 2629 260 2697; x_wconf 82' lang='grc' dir='ltr'><strong><em>καὶ</em></strong></span> <span class='ocrx_word' id='word_1_177' title='bbox 287 2632 428 2716; x_wconf 78' lang='grc' dir='ltr'><strong><em>χαλάζης</em></strong></span> <span class='ocrx_word' id='word_1_178' title='bbox 454 2643 627 2720; x_wconf 83' lang='grc' dir='ltr'><strong><em>καταφορᾷ</em></strong></span> <span class='ocrx_word' id='word_1_179' title='bbox 658 2633 720 2716; x_wconf 84' lang='grc' dir='ltr'><strong><em>τήν</em></strong></span> <span class='ocrx_word' id='word_1_180' title='bbox 751 2641 812 2697; x_wconf 89' lang='grc' dir='ltr'><strong><em>τοῦ</em></strong></span> <span class='ocrx_word' id='word_1_181' title='bbox 841 2633 1014 2716; x_wconf 79' lang='grc' dir='ltr'><strong><em>προφήτου</em></strong></span> <span class='ocrx_word' id='word_1_182' title='bbox 1043 2628 1120 2715; x_wconf 79' lang='grc' dir='ltr'><strong><em>περὶ</em></strong></span> 
     </span>
     <span class='ocr_line' id='line_1_25' title="bbox 98 2733 1119 2824; baseline -0.003 -21"><span class='ocrx_word' id='word_1_183' title='bbox 98 2738 237 2804; x_wconf 90' lang='grc' dir='ltr'><strong><em>πάντων</em></strong></span> <span class='ocrx_word' id='word_1_184' title='bbox 259 2737 437 2822; x_wconf 85' lang='grc' dir='ltr'><strong><em>ἀλήθειαν,</em></strong></span> <span class='ocrx_word' id='word_1_185' title='bbox 464 2740 509 2816; x_wconf 84' lang='grc' dir='ltr'><strong><em>ῶς</em></strong></span> <span class='ocrx_word' id='word_1_186' title='bbox 535 2741 785 2824; x_wconf 87' lang='grc' dir='ltr'><strong><em>τεθαμβηκότας</em></strong></span> <span class='ocrx_word' id='word_1_187' title='bbox 807 2736 928 2813; x_wconf 86' lang='grc' dir='ltr'><strong><em>αύτούς</em></strong></span> <span class='ocrx_word' id='word_1_188' title='bbox 949 2733 1005 2801; x_wconf 81' lang='grc' dir='ltr'><strong><em>καί</em></strong></span> <span class='ocrx_word' id='word_1_189' title='bbox 1028 2756 1119 2821; x_wconf 90' lang='grc' dir='ltr'><strong><em>περι-</em></strong></span> 
     </span>
     <span class='ocr_line' id='line_1_26' title="bbox 61 2840 1124 2932; baseline -0.003 -21"><span class='ocrx_word' id='word_1_190' title='bbox 61 2858 85 2898; x_wconf 75' lang='lat'><strong><em>²⁶</em></strong></span> <span class='ocrx_word' id='word_1_191' title='bbox 99 2845 187 2923; x_wconf 88' lang='grc' dir='ltr'><strong><em>δεεῖς</em></strong></span> <span class='ocrx_word' id='word_1_192' title='bbox 201 2843 404 2929; x_wconf 87' lang='grc' dir='ltr'><strong><em>γενομένους</em></strong></span> <span class='ocrx_word' id='word_1_193' title='bbox 418 2845 577 2932; x_wconf 81' lang='grc' dir='ltr'><strong><em>ἁμαρτεῖν</em></strong></span> <span class='ocrx_word' id='word_1_194' title='bbox 588 2843 625 2911; x_wconf 88' lang='grc' dir='ltr'><strong><em>θ’</em></strong></span> <span class='ocrx_word' id='word_1_195' title='bbox 639 2846 815 2931; x_wconf 88' lang='grc' dir='ltr'><strong><em>ὁμολογεῖν</em></strong></span> <span class='ocrx_word' id='word_1_196' title='bbox 828 2841 884 2910; x_wconf 81' lang='grc' dir='ltr'><strong><em>καὶ</em></strong></span> <span class='ocrx_word' id='word_1_197' title='bbox 897 2840 967 2910; x_wconf 92' lang='grc' dir='ltr'><strong><em>κατ’</em></strong></span> <span class='ocrx_word' id='word_1_198' title='bbox 979 2841 1124 2926; x_wconf 82' lang='grc' dir='ltr'><strong><em>ἄγνοιαν</em></strong></span> 
     </span>
     <span class='ocr_line' id='line_1_27' title="bbox 99 2949 1121 3038; baseline -0.003 -22"><span class='ocrx_word' id='word_1_199' title='bbox 99 2954 148 3029; x_wconf 88' lang='grc' dir='ltr'><strong><em>είς</em></strong></span> <span class='ocrx_word' id='word_1_200' title='bbox 175 2961 275 3017; x_wconf 75' lang='grc' dir='ltr'><strong><em>τοῦτο</em></strong></span> <span class='ocrx_word' id='word_1_201' title='bbox 298 2963 492 3038; x_wconf 85' lang='grc' dir='ltr'><strong><em>προπεσεῖν,</em></strong></span> <span class='ocrx_word' id='word_1_202' title='bbox 519 2951 574 3018; x_wconf 81' lang='grc' dir='ltr'><strong><em>καὶ</em></strong></span> <span class='ocrx_word' id='word_1_203' title='bbox 601 2955 760 3020; x_wconf 88' lang='grc' dir='ltr'><strong><em>ίκετεύειν</em></strong></span> <span class='ocrx_word' id='word_1_204' title='bbox 787 2955 847 3018; x_wconf 89' lang='grc' dir='ltr'><strong><em>τὸν</em></strong></span> <span class='ocrx_word' id='word_1_205' title='bbox 873 2951 1048 3038; x_wconf 84' lang='grc' dir='ltr'><strong><em>προφήτην</em></strong></span> <span class='ocrx_word' id='word_1_206' title='bbox 1075 2949 1121 3025; x_wconf 82' lang='grc' dir='ltr'><strong><em>ὡς</em></strong></span> 
     </span>
     <span class='ocr_line' id='line_1_28' title="bbox 97 3056 1120 3144; baseline -0.004 -22"><span class='ocrx_word' id='word_1_207' title='bbox 97 3057 225 3144; x_wconf 86' lang='grc' dir='ltr'><strong><em>πατέρα</em></strong></span> <span class='ocrx_word' id='word_1_208' title='bbox 252 3060 398 3144; x_wconf 89' lang='grc' dir='ltr'><strong><em>χρηστὸν</em></strong></span> <span class='ocrx_word' id='word_1_209' title='bbox 425 3056 480 3124; x_wconf 82' lang='grc' dir='ltr'><strong><em>καὶ</em></strong></span> <span class='ocrx_word' id='word_1_210' title='bbox 508 3058 633 3144; x_wconf 84' lang='grc' dir='ltr'><strong><em>έπιεική</em></strong></span> <span class='ocrx_word' id='word_1_211' title='bbox 666 3062 726 3126; x_wconf 91' lang='grc' dir='ltr'><strong><em>τὸν</em></strong></span> <span class='ocrx_word' id='word_1_212' title='bbox 757 3061 841 3126; x_wconf 90' lang='grc' dir='ltr'><strong><em>θεὸν</em></strong></span> <span class='ocrx_word' id='word_1_213' title='bbox 874 3058 992 3142; x_wconf 78' lang='grc' dir='ltr'><strong><em>εὐμενῆ</em></strong></span> <span class='ocrx_word' id='word_1_214' title='bbox 1022 3079 1120 3120; x_wconf 89' lang='grc' dir='ltr'><strong><em>κατα-</em></strong></span> 
     </span>
     <span class='ocr_line' id='line_1_29' title="bbox 98 3151 1121 3252; baseline -0.004 -24"><span class='ocrx_word' id='word_1_215' title='bbox 98 3173 229 3247; x_wconf 80' lang='grc' dir='ltr'><strong><em>στῆσαι,</em></strong></span> <span class='ocrx_word' id='word_1_216' title='bbox 252 3163 308 3230; x_wconf 82' lang='grc' dir='ltr'><strong><em>καὶ</em></strong></span> <span class='ocrx_word' id='word_1_217' title='bbox 326 3166 451 3248; x_wconf 90' lang='grc' dir='ltr'><strong><em>ταύτην</em></strong></span> <span class='ocrx_word' id='word_1_218' title='bbox 473 3164 609 3250; x_wconf 91' lang='grc' dir='ltr'><strong><em>ἀφεῖναι</em></strong></span> <span class='ocrx_word' id='word_1_219' title='bbox 633 3168 693 3250; x_wconf 83' lang='grc' dir='ltr'><strong><em>τήν</em></strong></span> <span class='ocrx_word' id='word_1_220' title='bbox 712 3165 885 3252; x_wconf 82' lang='grc' dir='ltr'><strong><em>ἁμαρτίαν,</em></strong></span> <span class='ocrx_word' id='word_1_221' title='bbox 908 3163 951 3246; x_wconf 84' lang='grc' dir='ltr'><strong><em>ήν</em></strong></span> <span class='ocrx_word' id='word_1_222' title='bbox 968 3162 1052 3248; x_wconf 89' lang='grc' dir='ltr'><strong><em>πρὸς</em></strong></span> <span class='ocrx_word' id='word_1_223' title='bbox 1070 3151 1121 3237; x_wconf 83' lang='grc' dir='ltr'><strong><em>οἷς</em></strong></span> 
     </span>
     <span class='ocr_line' id='line_1_30' title="bbox 98 3266 1120 3357; baseline -0.003 -23"><span class='ocrx_word' id='word_1_224' title='bbox 98 3268 279 3354; x_wconf 83' lang='grc' dir='ltr'><strong><em>ἐξύβρισαν</em></strong></span> <span class='ocrx_word' id='word_1_225' title='bbox 306 3271 420 3347; x_wconf 85' lang='grc' dir='ltr'><strong><em>ἀλλοις</em></strong></span> <span class='ocrx_word' id='word_1_226' title='bbox 447 3268 502 3335; x_wconf 81' lang='grc' dir='ltr'><strong><em>καὶ</em></strong></span> <span class='ocrx_word' id='word_1_227' title='bbox 529 3273 764 3357; x_wconf 89' lang='grc' dir='ltr'><strong><em>παρενόμησαν</em></strong></span> <span class='ocrx_word' id='word_1_228' title='bbox 793 3266 1120 3355; x_wconf 83' lang='grc' dir='ltr'><strong><em>προσεξειργάσαντο.</em></strong></span> 
     </span>
     <span class='ocr_line' id='line_1_31' title="bbox 61 3373 1120 3463; baseline 0 -23"><span class='ocrx_word' id='word_1_229' title='bbox 61 3389 86 3430; x_wconf 76' lang='lat'><strong><em>⁸⁰</em></strong></span> <span class='ocrx_word' id='word_1_230' title='bbox 99 3377 188 3459; x_wconf 86' lang='lat'>&lt;93&gt;</span> <span class='ocrx_word' id='word_1_231' title='bbox 208 3375 227 3441; x_wconf 87' lang='grc' dir='ltr'><strong><em>δ</em></strong></span> <span class='ocrx_word' id='word_1_232' title='bbox 247 3374 279 3440; x_wconf 82' lang='grc' dir='ltr'><strong><em>δ’</em></strong></span> <span class='ocrx_word' id='word_1_233' title='bbox 300 3377 507 3462; x_wconf 86' lang='grc' dir='ltr'><strong><em>ὑπισχνεῖται</em></strong></span> <span class='ocrx_word' id='word_1_234' title='bbox 526 3376 580 3443; x_wconf 85' lang='grc' dir='ltr'><strong><em>καὶ</em></strong></span> <span class='ocrx_word' id='word_1_235' title='bbox 600 3373 841 3463; x_wconf 87' lang='grc' dir='ltr'><strong><em>παρακαλέσειν</em></strong></span> <span class='ocrx_word' id='word_1_236' title='bbox 860 3376 920 3440; x_wconf 92' lang='grc' dir='ltr'><strong><em>τὸν</em></strong></span> <span class='ocrx_word' id='word_1_237' title='bbox 939 3376 1022 3440; x_wconf 86' lang='grc' dir='ltr'><strong><em>θεὸν</em></strong></span> <span class='ocrx_word' id='word_1_238' title='bbox 1041 3391 1120 3452; x_wconf 86' lang='grc' dir='ltr'><strong><em>συγ-</em></strong></span> 
     </span>
    </p>
   </div>
   <div class='ocr_carea' id='block_1_3' title="bbox 171 3496 680 3566">
    <p class='ocr_par' dir='ltr' id='par_1_3' title="bbox 171 3496 680 3566">
     <span class='ocr_line' id='line_1_32' title="bbox 171 3496 680 3566; baseline 0.008 -15"><span class='ocrx_word' id='word_1_239' title='bbox 171 3496 546 3566; x_wconf 71' lang='lat' dir='ltr'>590=1Reg.xn11.</span> <span class='ocrx_word' id='word_1_240' title='bbox 670 3550 680 3563; x_wconf 84' lang='lat'>‚</span> 
     </span>
    </p>
   </div>
   <div class='ocr_carea' id='block_1_4' title="bbox 0 0 1209 3840">
    <p class='ocr_par' dir='ltr' id='par_1_4' title="bbox 0 0 1209 3840">
     <span class='ocr_line' id='line_1_33' title="bbox 0 0 1209 3840; baseline 0 0"><span class='ocrx_word' id='word_1_241' title='bbox 0 0 1209 3840; x_wconf 95' lang='lat' dir='ltr'><strong><em> </em></strong></span> 
     </span>
    </p>
   </div>
  </div>
 </body>
</html>
