2400 3840
492 118 643 168 ΕΒΔοΜΗ
1011 118 1075 181 113

56 291 161 346 ταῦτα
189 280 317 365 γράφας
348 276 403 342 καὶ
435 277 664 361 σημηνάμενος
696 286 734 361 τῇ
768 278 871 342 αὐτοῦ
903 281 1075 364 σφραγῖδι,

55 388 118 470 την
151 384 327 466 ἐπιστολὴν
359 385 482 448 ε”δωκεν
514 383 635 470 Οὐρία.
652 387 787 466 κομίσαι
818 387 901 470 πρὸς
930 383 1074 470 Ἰώαβον.

56 493 167 576 <137>
192 490 368 574 δεξάμενος
391 486 429 554 δὲ
451 490 491 554 τδι
516 489 689 575 γράμματα
709 487 841 574 Ἰώαβος
859 489 914 555 καὶ
936 492 998 574 τὴν
1015 502 1084 558 τού

57 596 220 683 βασιλέως
251 599 446 681 προαίρεσιν
478 594 659 678 ἀναγνούς,
690 593 768 660 καθ’
801 595 841 661 ὃν
869 595 941 681 ᾔδει
972 601 1076 664 τόπον

28 725 41 763 ⁵
55 709 135 782 τοὺς
149 707 328 787 πολεμίους
342 703 430 789 αὐτῷ
448 704 612 786 χαλεποὺς
628 701 838 786 γενομένους,
856 705 937 767 κατά
955 708 1075 770 τοῦτον

58 814 173 894 ἔστησε
196 813 255 875 τὸν
276 809 414 894 Οὐρίαν,
438 810 518 884 δοὺς
541 808 630 896 αὐτῷ
652 810 745 885 τινάς
767 818 835 873 τών
856 808 1000 894 ἀρίστων
1017 819 1076 894 τῆς

57 925 225 1001 στρατιάς·
249 915 349 990 αὐτὸς
368 912 398 978 δ’
416 914 525 998 ἀπάση
543 923 582 998 τη
598 914 738 998 δυνάμει
751 917 1076 999 προσεπιβοηθήσειν

58 1026 196 1106 ἔφησεν,
234 1022 265 1084 εἰ
300 1021 481 1102 δυνηθεῖεν
513 1017 757 1104 ἀνατρέψαντές
792 1044 824 1084 τι
856 1030 916 1085 τοῦ
947 1026 1076 1107 τείχους

58 1131 225 1193 εἰσελθεῖν
254 1128 301 1203 εἰς
328 1126 389 1208 την
415 1128 524 1190 πόλιν.
544 1207 550 1214 ,
569 1125 679 1208 <138>
703 1128 783 1190 ὄντα
811 1123 841 1190 δ’
873 1127 975 1193 αὐτὸν
1003 1153 1077 1212 γεν-

15 1252 43 1291 10
56 1245 156 1299 ναῖον
175 1234 379 1319 στρατιώτην
397 1230 452 1296 καὶ
471 1230 573 1309 δόξαν
588 1233 705 1315 ἔχοντα
723 1232 812 1316 παρά
829 1255 869 1296 τε
883 1242 928 1320 τῷ
947 1238 1079 1318 βασιλεῖ

57 1338 113 1404 καὶ
144 1349 224 1405 πᾶσι
256 1351 327 1415 τοῖς
358 1338 543 1422 ὁμοφύλοις
575 1335 625 1402 ἐπ’
661 1337 812 1424 ἀνδρείᾳ,
846 1341 975 1424 χαίρειν
1006 1355 1077 1420 τοῖς

57 1446 215 1531 μεγάλοις
237 1448 353 1521 πόνοις
376 1444 459 1509 ἀλλά
487 1443 531 1528 μὴ
559 1455 845 1529 προσαγανακτεῖν
867 1443 971 1528 ἠξίου.
1016 1458 1077 1514 τοῦ

59 1550 91 1616 δ’
124 1551 231 1638 Οὐρία
263 1552 446 1637 προθύμως
476 1549 682 1627 ὑποστάντος
713 1544 872 1636 τοῦργον,
903 1563 974 1630 τοῖς
1005 1553 1074 1639 μετ’

58 1658 163 1723 αὐτοῦ
186 1656 490 1744 παραταττομένοις
511 1657 580 1743 ίδίηι
602 1662 810 1740 καταλιπεῖν,
838 1658 918 1723 ὅταν
942 1658 1077 1745 ἐξορμη-

18 1782 43 1823 15
58 1782 181 1840 σαντας
205 1765 301 1828 ἰδωσι
319 1765 397 1838 τοὺς
415 1764 603 1844 πολεμίους,
627 1760 800 1844 ἐδήλωσεν.
846 1763 956 1847 <139>
975 1783 1077 1850 προσ-

58 1873 231 1955 βαλόντωυ
264 1864 326 1934 οὐν
352 1878 392 1953 τῇ
421 1870 516 1933 πόλει
546 1877 614 1932 τών
637 1865 814 1952 Ἑβραίων,
844 1869 1013 1946 δείσαντες
1045 1872 1079 1936 οἰ

55 1975 250 2061 Ἀμμανῖται
269 1976 313 2060 μὴ
332 1972 403 2040 κατ’
427 1972 556 2038 ἐκεῖνον
573 1975 634 2037 τὸν
651 1975 764 2056 τόπον,
787 1972 866 2038 καθ’
888 1974 928 2039 δν
949 1975 1077 2062 Οὐρίαν

58 2081 236 2166 συνέβαινε
258 2082 426 2166 τετάχθαι,
452 2079 644 2164 φθάσαντες
667 2078 837 2163 ἀναβῶσιν
859 2082 894 2146 οἰ
915 2081 1077 2167 πολέμιοι,

58 2189 323 2275 προστησάμενοι
364 2191 443 2264 τοὺς
484 2185 738 2272 ἀνδρειοτάτους
778 2187 889 2253 αὐτῶν
924 2187 980 2254 καί
1017 2191 1078 2273 τὴν

17 2314 44 2354 ιο
56 2296 169 2377 πύλην
192 2292 382 2372 ἀνοίξαντες
405 2293 583 2376 αἰφνιδίως
609 2289 665 2356 καί
692 2294 772 2376 μετά
795 2293 901 2379 ῥύμης
922 2293 977 2360 καὶ
1001 2297 1077 2381 δρό-

59 2425 126 2486 μου
153 2406 280 2465 πολλού
308 2412 378 2475 τοῖς
406 2398 541 2483 ἐχθροῖς
568 2396 760 2480 ἐπεξῆλθον.
810 2401 920 2484 <14Ο>
950 2403 1078 2480 ἰδόντες

59 2505 90 2570 δ’
113 2505 236 2582 αὐτούς
259 2521 290 2570 οῖ
316 2508 379 2570 σὺν
396 2513 442 2591 τῷ
463 2503 570 2589 Οὐρίηι
591 2503 712 2579 πάντες
730 2503 943 2590 ἀνεχώρησαν
961 2508 1077 2593 ὀπίσω,
1130 2511 1132 2514 ’

58 2613 174 2687 καθὼς
194 2610 326 2696 Ἰώαβος
349 2611 463 2686 αὐτοῖς
480 2621 646 2694 προεῖπεν.
685 2608 880 2692 αἰσχυνθεὶς
898 2609 929 2675 δ’
953 2613 1078 2698 Οὐρίας

60 2730 183 2802 φυγεῖν
206 2715 261 2782 καὶ
284 2718 345 2800 τὴν
368 2714 462 2793 τάξιν
488 2720 681 2780 καταλιπεῖν
702 2712 859 2797 ὑπέμεινε
881 2719 959 2792 τούς
981 2725 1077 2784 πολε-

20 2841 45 2882 25
60 2828 168 2908 μίους,
183 2821 238 2887 καὶ
252 2824 314 2906 τὴν
328 2823 434 2908 ὁρμὴν
449 2821 560 2886 αὐτῶν
572 2818 787 2903 ἐκδεξάμενος
798 2819 929 2907 ἀναιρεῖ
941 2819 1003 2906 μὲν
1017 2824 1077 2888 οὐκ

60 2931 210 3012 ὀλίγους,
238 2925 423 3004 κυκλωθεὶς
447 2923 484 2990 δὲ
506 2923 561 2990 καὶ
585 2923 729 3009 ληφθεὶς
756 2925 903 3016 ἐνμέσῳ
927 2934 1075 3017 τελευτᾷ·

60 3037 127 3119 ἀμα
148 3033 179 3099 δ’
197 3034 286 3122 αὐτῷ
304 3030 393 3111 τινὲς
410 3030 466 3098 καὶ
480 3034 575 3097 ἄλλοι
590 3031 833 3113 συγκατίπεσον
847 3045 914 3099 τῶν
929 3032 1077 3120 ἑταίρων.

128 3142 239 3222 <141>
263 3142 391 3205 τούτων
419 3138 505 3203 οὐτω
533 3137 723 3234 γενομένων
747 3141 890 3223 ἔπεμψεν
918 3139 1113 3222 ἀγγέλουςν

57 3245 193 3330 Ἰώαβος
215 3248 299 3332 πρὸς
321 3247 380 3310 τὸν
403 3241 554 3329 βασιλέα,
583 3242 692 3326 λέγειν
716 3241 943 3327 ἐντειλάμενος
965 3246 1079 3326 αὐτοῖς

17 3373 45 3413 3ο
60 3354 106 3430 ὡς
121 3352 334 3418 σπουδιάσειε
347 3347 409 3435 μὲν
427 3352 550 3435 ταχέως
568 3347 656 3415 ἑλεῖν
674 3349 735 3431 την
753 3353 861 3432 πόλιν,
880 3357 1078 3437 προσβαλὼν

135 3480 217 3539 §137
238 3499 271 3518 =
291 3473 390 3541 σοις.
409 3472 448 3525 XI
464 3469 504 3526 τις

117 3574 244 3614 Ιοειειταε,
264 3573 294 3612 11.
929 3564 953 3612 Q
