2400 3840
111 137 175 200 116
481 133 756 186 ΑΡΧΑῙΟΔΟΓΙΑΣ

109 294 250 382 τοςμέν
273 296 376 363 αὐτὸν
399 293 537 380 βασιλέα
559 294 666 377 πάσης
693 302 752 378 τής
770 291 933 377 Ἑβραίων
957 291 1134 374 δυνάμεως

109 403 164 468 καὶ
188 414 256 468 τῶν
279 401 316 468 έν
338 403 448 489 κύκλῳ
466 400 602 466 πάντων
621 399 733 464 ἐθνῶν
752 404 886 464 πολλῶν
903 395 959 463 καὶ
978 396 1133 480 μεγάλων

109 512 239 595 κύριον,
263 506 453 595 ῥυσαμένου
477 504 508 570 δ’
530 508 577 570 ἔτι
601 508 665 591 πρὸ
681 507 812 570 τούτων
832 503 867 569 ἐκ
884 515 952 569 τῶν
972 503 1131 567 Σαούλου

109 597 247 701 χειρῶν,
275 618 394 691 δύντος
418 611 448 676 δ’
475 611 642 700 αὐτῷκαὶ
666 619 827 694 γυναῖκας
854 610 894 687 ἃς
917 610 1054 683 δικαίως
1076 606 1131 671 καὶ

110 726 258 807 νομίμως
280 721 437 803 ἠγάγετο,
465 716 781 813 καταφρονηθέντος
805 714 835 780 δ’
861 713 917 781 ὑπ’
944 715 1049 779 αὐτοῦ
1077 711 1157 779 καὶὸ

112 826 346 912 ἀσεβηθέντος,
369 825 406 902 ὃς
430 823 610 909 ἀλλοτρίαν
632 847 668 888 τε
690 825 797 908 γήμας
820 825 889 907 ἔχοι
913 831 1056 903 γυναῖκα
1078 818 1131 884 καὶ

111 936 171 999 τὸν
198 929 294 1016 ἄνδρ’
325 931 427 1014 αύτής
455 930 681 995 ἀποκτείνειεν
709 928 826 1006 έκδοὺς
855 937 925 1004 τοῖς
952 929 1132 1010 πολεμίοις.

111 1040 221 1121 <152>
245 1038 366 1102 δώσειν
389 1031 451 1101 οὖν
475 1035 578 1100 αὐτὸν
605 1033 679 1100 ἀντὶ
706 1037 834 1100 τούτων
863 1036 956 1108 δίκας
983 1042 1029 1119 τῷ
1053 1039 1133 1119 θεῷ,

111 1140 166 1208 καὶ
194 1143 442 1225 βιασθήσεσθαι
470 1139 532 1226 μὲν
560 1140 663 1206 αὐτοῦ
690 1142 749 1217 τὰς
778 1150 938 1223 γυναῖκας
965 1136 1025 1223 ὑφ’
1060 1137 1134 1214 ἑνὸς

111 1259 179 1312 τῶν
195 1248 336 1332 παίδων,
356 1247 702 1332 ἐπιβουλευθήσεσθαι
722 1243 759 1311 δέ
777 1244 833 1310 καὶ
851 1244 954 1310 αὐτὸν
972 1242 1029 1309 ὑπ’
1052 1243 1134 1309 έκεί-
1148 1259 1170 1298 1⁰

112 1377 185 1438 νου,
204 1351 337 1420 καὶτὸν
356 1354 530 1439 ἁμάρτημα
546 1355 658 1440 κρύφα
676 1361 774 1418 τοῦτο
794 1353 963 1438 δράσαντα
982 1353 1134 1437 φανεράν

112 1461 174 1542 τήν
197 1459 248 1526 ἐπ’
274 1461 363 1548 αὐτῷ
387 1461 484 1543 δίκην
507 1456 651 1544 ὑφέξειν.
696 1444 920 1540 τεθνήξεσθαι
940 1453 977 1521 δέ
995 1454 1051 1520 καὶ
1075 1459 1135 1522 τὸν

112 1567 217 1630 παῖδά
231 1582 284 1630 σοι
298 1574 497 1652 παραχρῆμα
511 1568 571 1631 τὸν
586 1563 618 1642 ἐξ
631 1564 733 1647 αὐτῆς
743 1561 994 1648 γεγεννημένον.
1023 1562 1135 1646 <153>

113 1669 339 1757 ταραχθέντος
363 1669 394 1734 δ’
421 1668 474 1735 ἐπὶ
498 1670 629 1745 τούτοις
651 1677 712 1733 τοῦ
740 1667 902 1752 βασιλέως
929 1665 984 1732 καὶ
1012 1684 1136 1752 συγχυ-

113 1775 234 1855 θέντος
258 1778 390 1861 ίκανῶς,
412 1774 468 1842 καὶ
492 1777 571 1860 μετά
595 1775 750 1860 δακρύων
772 1771 827 1838 καὶ
849 1775 956 1856 λύπης
974 1773 1136 1858 ἀσεβῆσαι
1150 1788 1173 1829 15

114 1882 281 1968 λέγοντος,
305 1879 362 1970 (ήν
385 1885 448 1970 γάρ
472 1879 746 1968 ὁμολογουμένως
768 1881 931 1963 θεοσεβὴς
952 1878 1008 1944 καὶ
1030 1879 1137 1965 μηδὲν

115 1989 271 2075 ἁμαρτὼν
299 1991 384 2067 ὅλως
415 1987 490 2076 περὶ
517 1991 577 2054 τὸν
604 1991 681 2071 βίον
708 1985 729 2070 ή
761 1988 801 2052 τά
833 1984 908 2071 περὶ
936 1986 998 2068 τήν
1028 1987 1138 2073 Οὐρία

115 2093 272 2180 γυναῖκα)
297 2094 453 2182 ᾤκτειρεν
477 2095 494 2160 ὁ
518 2096 609 2176 θεός,
632 2091 687 2157 καὶ
712 2091 950 2175 διαλλάττεται,
973 2092 1138 2176 φυλάξειν

115 2199 204 2284 αὐτῷ
227 2195 282 2262 καὶ
305 2199 366 2279 τήν
391 2199 476 2279 ζωήν
494 2196 549 2262 καὶ
567 2199 630 2280 τήν
648 2200 820 2282 βασιλείαν
844 2196 1137 2282 ἐπαγγειλάμενος·

115 2310 332 2386 μετανοοῦντι
346 2303 409 2385 γάρ
424 2300 499 2385 περὶ
514 2301 745 2386 γεγενημένων
759 2301 870 2367 ούκέτι
884 2310 1033 2387 χαλεπῶς
1048 2308 1138 2390 ἔχειν
1152 2319 1176 2359 2⁰

118 2409 249 2491 ἔφασκε.

182 2508 238 2577 καὶ
262 2511 427 2589 Ναθάνας
453 2508 515 2597 μέν
543 2521 645 2578 ταῦτα
671 2522 717 2602 τῷ
746 2517 877 2597 βασιλεῖ
903 2518 1137 2599 προφητεύσας

81 2635 98 2683 4
117 2616 224 2685 οἴκαδ’
251 2618 432 2704 ἐπανῆλθε·
456 2619 567 2705 <154>
591 2629 636 2709 τῶ
661 2618 691 2684 δ’
718 2619 754 2686 έκ
772 2629 830 2705 τῆς
850 2620 956 2706 Οὐρία
977 2625 1138 2703 γυναικὸς

116 2725 283 2817 γενομένφ
311 2727 405 2792 παιδὶ
433 2728 567 2812 Δαυίδη
594 2729 697 2793 νόσον
725 2725 898 2809 ἐνσκήπτει
924 2727 1071 2810 χαλεπήν
1099 2730 1137 2792 τὸ

116 2838 229 2915 θεῖον,
260 2832 313 2916 ἐφ’
344 2827 365 2916 ή
394 2835 575 2920 δυσφορῶν
603 2834 620 2899 ὁ
648 2835 803 2917 βασιλεὺς
830 2832 960 2917 τροφήν
989 2829 1051 2917 μέν
1080 2831 1135 2918 ἐφ’
1152 2848 1177 2889 25

116 2937 240 3022 ήμέρας
263 2935 354 3019 ἑπτά,
376 2941 484 3002 καίτοι
508 2936 539 3018 γ’
565 2937 817 3019 ἀναγκαζόντων
839 2946 906 3000 τῶν
928 2938 1071 3021 οίκείων,
1095 2939 1137 3003 οὐ

117 3040 374 3129 προσηνέγκατο,
397 3040 559 3125 μέλαιναν
582 3037 618 3104 δὲ
641 3041 861 3128 περιθέμενος
882 3041 1007 3126 ἐσθῆτα
1025 3046 1136 3109 πεσὼν

118 3147 171 3212 ἐπὶ
200 3148 323 3213 σάκκου
349 3147 431 3212 κατά
454 3155 514 3230 γής
537 3148 656 3229 ἔκειτο,
683 3149 743 3212 τὸν
770 3150 855 3214 θεὸν
880 3145 965 3235 ὑπὲρ
995 3158 1053 3233 τής
1075 3160 1137 3215 τοῦ

117 3255 237 3330 παιδὸς
255 3254 411 3319 ίκετεύων
429 3254 604 3338 σωτηρίας·
624 3252 756 3339 σφόδρα
779 3256 842 3341 γάρ
862 3256 1014 3341 ἔστεργεν
1033 3256 1137 3321 αὐτοῦ

118 3358 180 3439 τήν
203 3357 335 3445 μητέρα.
381 3358 489 3444 <155>
510 3366 549 3444 τῇ
574 3355 605 3422 δ’
631 3354 756 3444 ἑβδόμη
778 3371 846 3426 τῶν
868 3360 1001 3447 ήμερῶν
1026 3367 1137 3427 τελεν-
1151 3379 1177 3418 ³⁰

190 3479 581 3549 §152=2Reg.x1111.
