2400 3840
514 143 639 196 οοΔοΗ
1017 145 1082 209 239

66 317 193 385 φουσα,
221 310 281 366 τοῦ
308 302 427 378 παιδὸς
441 302 537 388 αὐτῇ
564 306 807 380 καταπεσόντος
834 305 881 380 είς
908 307 1011 371 νόσον
1038 307 1084 383 ώς

64 406 120 471 καὶ
138 408 199 490 τὴν
217 409 329 491 ψυχὴν
347 408 483 491 ἀφεῖναι
500 406 555 473 καὶ
575 407 669 487 δόξαι
687 411 817 495 νεκρόν,
840 409 1082 495 ἀνακλαιομένη

63 511 119 577 καὶ
143 525 215 590 ταῖς
233 512 348 600 χερσὶν
366 514 471 596 αὑτην
493 512 692 599 αἰκιζομένη,
714 513 770 580 καὶ
793 517 908 599 φωνάς
926 517 999 592 οἵας
1021 518 1083 582 ὑπ-

62 622 204 705 ηγόρευε
225 622 263 684 τὸ
286 621 397 698 πάθος
426 621 577 706 ἀφιεῖσα,
603 631 778 706 κατῃτιᾶτο
805 630 864 706 τῆς
890 620 968 708 παρ’
999 623 1082 708 αὐτῇ

29 748 48 792 5
61 729 248 811 παρουσίας
275 729 335 792 τὸν
361 729 537 813 προφήτην
565 728 610 805 ώς
637 726 813 811 ἐλέγξαντα
839 729 898 805 τάς
921 727 1081 814 ἁμαρτίας

62 831 176 915 αὐτῆς,
194 830 249 897 καὶ
269 833 325 898 διά
343 843 441 906 τοῦτο
460 843 520 900 τοὺ
536 835 655 911 παιδὸς
668 837 943 917 τετελευτηκότος.
971 835 1082 919 <326>

62 937 80 1002 δ
110 934 148 1002 δὲ
175 941 410 1025 παρεκελεύετο
437 945 592 1026 θαρρεῖν·
606 938 662 1006 καὶ
689 941 898 1027 παραδοῦναι
921 942 981 1006 τὸν
1003 942 1081 1007 υίὸν

61 1043 165 1130 αὐτῷ·
197 1047 301 1122 ζῶντα
328 1046 392 1132 νάρ
416 1045 519 1111 αὑτὸν
541 1045 738 1111 ἀποδώσειν.
782 1047 996 1133 παραδούσης
1018 1042 1080 1112 οὖν

61 1149 228 1231 βαστάσας
256 1153 303 1227 είς
330 1152 368 1215 τὸ
394 1151 562 1236 δωμάτιον
585 1151 622 1216 ἐν
645 1147 671 1241 β
694 1150 860 1238 διέτριβεν
882 1152 996 1237 αὑτός,
1024 1151 1080 1218 καὶ

10 1282 42 1322 10
60 1253 220 1333 καταθεὶς
248 1254 301 1321 ἐπὶ
324 1265 383 1341 τῆς
404 1261 534 1341 κλίνης,
562 1257 722 1341 ἀνεβόησε
743 1259 827 1344 πρὸς
849 1260 909 1324 τὸν
931 1261 1015 1324 θεὸν
1038 1260 1080 1324 οὐ

60 1365 170 1438 καλῶς
201 1361 401 1447 ἀμείψεσθαι
433 1364 495 1447 τὴν
526 1363 775 1449 ὑποδεξαμένην
806 1361 862 1429 καὶ
890 1363 1080 1449 θρέψασαν,

60 1467 123 1530 τὸν
148 1468 224 1534 υίὸν
251 1469 354 1552 αὐτῆς
381 1469 666 1557 ἀφαιρησόμενον,
694 1469 800 1535 ἐδεῖτό
825 1493 860 1534 τε
883 1470 944 1553 τὴν
966 1472 1078 1554 ψυχὴν
1181 1557 1183 1560 f

60 1572 239 1658 εἰσπέμψαι
270 1575 372 1641 πάλιν
403 1585 448 1663 τῷ
481 1573 576 1641 παιδὶ
607 1573 663 1640 καὶ
692 1585 875 1662 παρασχεῖν
902 1575 991 1663 αὐτῷ
1018 1578 1079 1642 τὸν

57 1683 144 1764 βίον.
181 1681 290 1766 <327>
313 1690 373 1747 τοῦ
396 1679 434 1746 δέ
453 1688 539 1747 θεοῦ
556 1685 841 1767 κατοικτείραντος
859 1677 920 1765 μέν
937 1682 999 1764 τὴν
1017 1706 1078 1766 μη-

10 1812 39 1852 15
55 1785 152 1872 τέρα,
179 1787 406 1871 βουληθέντος
431 1783 469 1852 δὲ
490 1786 546 1852 καὶ
569 1796 614 1876 τῷ
637 1788 791 1871 προφάνη
813 1791 1015 1872 χαρίσασθαι
1038 1789 1077 1852 τὸ
1149 1855 1158 1869 ‚

55 1893 101 1976 μη
127 1891 220 1971 δόξαι
242 1895 326 1980 πρὸς
349 1893 455 1976 αὐτὴν
479 1890 532 1957 ἐπὶ
554 1902 643 1980 κακιβ
666 1904 832 1978 παρεῖναι,
854 1894 943 1976 παρὰ
965 1900 1077 1956 πᾶσαν

54 1999 262 2084 προσδοκίαν
290 1999 480 2083 ἀνεβίωσεν.
526 1998 547 2082 ἣ
575 1996 608 2062 δ’
634 1997 820 2083 εὐχαρίστει
842 2006 888 2085 τῷ
911 1998 1075 2083 προφητη,

53 2103 113 2170 καὶ
135 2109 209 2171 τότε
233 2116 348 2189 σαφῶς
371 2108 462 2187 ἔλεγε
485 2103 713 2190 μεμαθηκέναι
737 2104 787 2169 ότι
810 2105 848 2169 τὸ
868 2110 968 2168 θεῖον
986 2104 1074 2192 αὐτῷ

55 2209 253 2294 διαλέγεται.

10 2341 38 2380 εο
124 2318 233 2401 <328>
265 2321 390 2404 χρόνον
422 2317 453 2383 δ’
484 2319 601 2403 ὀλίγου
633 2319 828 2396 διελθόντος
856 2320 1110 2405 παρανίνεταιι

52 2425 139 2509 πρὸς
161 2423 307 2509 ’Ἁχαβον
339 2427 399 2490 τὸν
428 2424 566 2509 βασιλέα
592 2426 675 2490 κατά
703 2428 865 2510 βούλησιν
891 2434 952 2489 τοῦ
979 2431 1073 2508 θεοῦ,

53 2531 216 2613 δηλώσων
239 2530 328 2618 αὐτῷ
351 2532 411 2596 τὸν
433 2533 657 2615 γενησόμενον
679 2531 787 2596 ὑετόν.
823 2534 919 2615 λιμὸς
942 2525 1074 2594 δδτότε

50 2648 182 2721 κατεῖχε
208 2638 270 2720 τὴν
296 2639 409 2724 χώραν
432 2638 563 2702 ἀπασαν
585 2633 641 2700 καὶ
663 2637 769 2718 πολλὴ
792 2646 860 2700 τῶν
883 2634 1073 2715 ἀναγκαίων

52 2742 192 2828 ἀπορία,
224 2742 269 2819 ὡς
301 2742 345 2826 μὴ
378 2743 483 2826 μόνον
515 2740 717 2825 ἀνθρώπους
749 2741 859 2824 ἀρτων
892 2742 1072 2822 σπανίζειν,

10 2866 36 2909 25
52 2848 139 2913 ἀλλά
161 2845 217 2912 καὶ
237 2849 299 2932 τὴν
317 2856 382 2932 γῆν
400 2844 477 2932 μηδ’
499 2829 566 2911 ὅσα
578 2854 649 2923 τοῖς
666 2846 780 2923 ἵπποις
797 2843 852 2910 καὶ
871 2856 941 2921 τοῖς
958 2846 1073 2919 ἀλλοις

50 2954 186 3036 κτήνεσι
213 2955 297 3039 πρὸς
323 2955 432 3038 νομήν
459 2951 527 3018 ἐστι
554 2953 697 3038 χρήσιμα
720 2952 776 3016 διά
800 2951 862 3034 τὴν
885 2951 1072 3035 ἀνομβρίαν

51 3059 260 3124 ἀναδιδόναι.
306 3059 416 3144 <329>
444 3061 505 3125 τὸν
532 3053 594 3124 οὑν
617 3057 855 3144 ἐπιμελόμενον
878 3057 980 3122 αὑτοῦ
1003 3065 1071 3120 τών

49 3166 226 3250 κτημάτων
253 3166 271 3232 ὁ
300 3169 456 3250 βασιλεὺς
480 3164 621 3242 καλέσας
640 3163 808 3248 Ὠβεδίαν,
836 3160 968 3228 ἀπιέναι
992 3161 1070 3245 βοό-

50 3276 172 3337 λεσθαι
198 3274 282 3358 πρὸς
309 3273 412 3338 αὑτὸν
440 3267 532 3337 εἶπεν
559 3270 612 3336 ἐπὶ
634 3272 694 3347 τάς
716 3271 823 3353 πηγάς
845 3279 913 3334 τῶν
935 3266 1072 3333 ὑδάτων

13 3393 36 3438 ιο
49 3377 106 3444 καὶ
129 3381 208 3455 τοὺς
230 3379 439 3465 χειμάρρους,
461 3377 507 3444 ἵν’
533 3385 567 3444 εί
585 3398 651 3443 που
673 3374 750 3462 παρ’
777 3376 890 3452 αὐτοῖς
913 3375 1070 3461 εὑρεθείη

124 3503 206 3566 ςοιι
226 3525 259 3547 =
279 3499 378 3568 τοῖς.
397 3499 531 3554 ΧνΠιι.
1025 3482 1027 3484 ’
