2400 3840
509 139 632 188 ENATH
1010 137 1074 200 271

59 296 162 360 αὐτὸν
191 297 337 378 ἔμελλον.
383 297 567 381 γενομένου
595 294 633 362 δὲ
659 295 715 361 καὶ
738 299 874 380 τούτου,
901 300 1080 382 παρελθὼν

60 405 108 478 είς
130 400 251 486 μέσους
274 404 353 479 τοὺς
375 400 519 487 ἐχθροὺς
546 402 735 488 ἐπηρώτησε
763 401 827 468 τίν’
855 404 1081 486 ἐπιζητοῦντες

60 503 177 591 ἦλθον.
227 519 295 573 τῶν
328 505 365 572 δὲ
396 511 456 573 τὸν
485 510 661 594 προφήτην
687 506 875 575 Ἐλισσαῖον
907 513 1080 593 εἰπόντων,

58 616 270 698 παραδώσειν
287 613 461 699 ὑπέσχετο,
481 618 512 680 εί
528 617 611 700 πρὸς
628 616 690 698 τήν
707 619 817 699 πόλιν,
837 616 874 681 έν
890 610 1080 701 ήτυγχάνει

29 723 116 803 ὀών,
140 720 406 803 ἀκολουθήσειαν
429 721 527 808 αύτῷ.
572 720 660 803 <57>
683 719 738 786 καί
764 725 800 786 οἳ
819 719 881 806 μὲν
902 721 1077 811 ἡγουμένῳ

56 835 103 914 τῷ
121 827 286 911 προφήτη,
308 832 368 904 τάς
386 829 480 905 όψεις
497 827 562 892 ὑπὸ
581 835 642 892 τοῦ
664 834 749 891 θεοῦ
769 825 824 892 καὶ
843 829 905 911 τήν
923 829 1078 894 διάνοιαν

58 931 336 1016 ἐπεσκοτισμένοι,
361 933 602 1010 σπουδάζοντες
629 935 775 998 εἵποντο·
803 934 939 1017 ἀγαγών
962 933 992 999 δ’
1019 936 1077 1000 αύ-

56 1043 136 1116 τοὺς
150 1037 336 1116 Ἐλισσαῖος
359 1042 406 1115 είς
424 1039 619 1124 Σαμάρειαν
635 1038 779 1129 Ἰωράμῳ
801 1037 863 1125 μὲν
884 1051 930 1130 τῷ
949 1045 1080 1124 βασιλεῖ

56 1144 236 1231 προσέταξε
258 1152 386 1211 κλεῖσαι
409 1147 468 1224 τὰς
489 1147 597 1224 πύλας
618 1144 673 1211 καὶ
696 1156 891 1232 περιστῆσαι
915 1160 986 1226 τοῖς
1009 1149 1077 1213 Σύ-

14 1271 43 1310 10
58 1276 131 1337 ροις
152 1253 214 1334 τήν
238 1252 341 1316 αὐτοῦ
369 1253 528 1336 δύναμιν,
554 1263 600 1341 τῷ
627 1259 697 1340 θεῷ
726 1251 756 1318 δ’
782 1252 904 1336 ηὔξατο
930 1261 1078 1338 καθῆραι

57 1361 116 1435 τάς
139 1361 232 1437 ὄψεις
254 1369 322 1424 τῶν
344 1362 512 1443 πολεμίων
529 1357 584 1424 καὶ
602 1360 664 1442 τήν
683 1359 788 1443 ἀχλὺν
809 1361 920 1425 αὐτῶν
938 1360 1078 1425 ἀνελεῖν.

58 1470 94 1530 οἳ
115 1463 146 1529 δ’
167 1464 203 1529 ἐκ
221 1474 280 1547 τῆς
298 1464 519 1550 ἀμαυρώσεως
540 1465 668 1549 ἐκείνης
686 1465 869 1550 ἀφεθέντες
888 1464 1001 1550 ἑώρων
1019 1466 1078 1530 αὑ-

57 1574 137 1648 τοὺς
160 1570 197 1636 έν
220 1570 333 1655 μέσοις
355 1583 425 1649 τοῖς
447 1571 581 1657 ἐχθροῖς
598 1572 817 1658 ὑπάρχοντας.
859 1572 946 1656 <58>
971 1571 1008 1636 έν
1027 1571 1077 1636 έκ-

57 1676 173 1759 πλήξει
196 1674 234 1742 δέ
257 1680 350 1763 δεινῆ
373 1676 428 1742 καί
450 1678 616 1765 ἀμηχανίη
637 1690 705 1744 τῶν
724 1680 859 1764 Σύρων,
882 1669 956 1747 οἷον
979 1680 1077 1760 εἰκός,

14 1800 42 1841 15
58 1783 112 1869 ἐφ’
139 1784 225 1849 ούτω
249 1788 332 1873 θείῳ
356 1782 411 1848 καὶ
434 1783 609 1873 παραδόξῳ
631 1785 799 1869 πράγματι
821 1782 997 1868 κειμένων,
1021 1780 1077 1848 καὶ

57 1899 118 1955 τοῦ
151 1888 319 1974 βασιλέως·
336 1887 496 1975 Ἰωράμου
527 1888 724 1973 πυθομένου
756 1890 815 1953 τὸν
844 1891 1020 1974 προφήτην
1048 1892 1079 1954 εἰ

57 1998 245 2061 κελεύσειεν
263 1996 385 2074 αὐτοὺς
403 2001 716 2079 κατακοντισθῆναι,
736 2004 834 2061 τοῦτο
853 1992 914 2079 μὲν
934 1994 1078 2060 ἐκώλυσε

57 2114 169 2168 ποιεῖν
188 2100 372 2180 Ἐλισσαῖος
395 2102 488 2189 (τοὺς
514 2103 577 2187 νάρ
600 2105 692 2192 νόμῳ
716 2100 908 2185 ληφθέντας
931 2100 1078 2185 πολέμου

58 2209 267 2274 ἀποκτείνειν
299 2212 412 2291 ἔλεγεν
444 2204 529 2275 εἶναι
562 2211 708 2293 δίκαιον,
739 2209 879 2285 τούτους
908 2204 946 2272 δέ
972 2205 1078 2292 μηδὲν

14 2331 42 2371 2⁰
57 2318 162 2381 κακὸν
186 2315 391 2402 ἐργάσασθαι
409 2316 470 2398 τήν
489 2315 619 2381 ἐκείνου
637 2317 760 2401 χώραν,
782 2318 862 2402 θείᾳ
880 2311 918 2380 δὲ
936 2316 1077 2399 δυνάμει
1095 2400 1103 2412 „

57 2424 143 2509 πρὸς
166 2423 289 2499 αὐτοὺς
311 2422 372 2487 οὐκ
398 2423 528 2499 εἰδότας
551 2420 699 2509 ’έλθεῖν),
725 2423 812 2506 <59>
835 2423 1077 2506 συνεβούλευσε

57 2526 96 2594 δὲ
129 2528 247 2607 ξενίων
279 2529 392 2606 αὐτοῖς
423 2529 606 2612 μεταδόντα
640 2526 695 2593 καὶ
727 2526 886 2613 τραπέζης
919 2527 1078 2593 ἀπολύειν

58 2637 226 2720 ἀβλαβεῖς.

122 2740 280 2826 Ἰώραμος
297 2738 359 2825 μὲν
378 2735 440 2805 οὖν
457 2749 503 2828 τῷ
521 2741 675 2825 προφήτη
692 2740 903 2821 πειθόμενος,
926 2734 1078 2813 ἑστιάσας

16 2868 43 2909 ιε
57 2854 217 2933 λαμπρώς
245 2844 301 2912 καὶ
327 2847 417 2912 πάνυ
450 2848 631 2930 φιλοτίμως
662 2846 741 2924 τοὺς
770 2845 903 2928 Σύρους
935 2841 1078 2907 ἀπέλυσε

57 2956 143 3040 πρὸς
161 2951 309 3018 ’Ἁδαδον
331 2953 391 3018 τὸν
410 2953 520 3018 αὐτῶν
538 2948 688 3035 βασιλέα·
711 2951 798 3034 <6Ο>
822 2960 890 3015 τῶν
909 2946 939 3013 δ’
961 2949 1077 3032 ἀφικο-
1095 2962 1113 3009 4

57 3060 169 3144 μένων
196 3057 251 3124 καί
280 3059 501 3142 δηλωσάντων
529 3059 618 3147 αὐτῷ
645 3059 684 3123 τά
717 3059 961 3142 συμβεβηκότα,
992 3062 1078 3120 θαυ-

58 3167 166 3250 μάσας
189 3166 207 3232 ὁ
227 3165 371 3242 ’Ἁδαδος
392 3167 429 3230 τὸ
453 3164 642 3251 παράδοξον
664 3162 719 3229 καὶ
741 3165 803 3246 τήν
825 3172 886 3228 τοῦ
906 3169 991 3227 θεοῦ
1010 3172 1077 3225 τῶν

54 3270 268 3358 Ἰσραηλιτῶν
287 3271 485 3354 ἐπιφάνειαν
502 3270 557 3336 καὶ
577 3272 730 3355 δύναμιν,
750 3267 806 3334 καὶ
824 3271 884 3334 τὸν
901 3269 1077 3354 προφήτην

17 3373 85 3467 3οβ
108 3381 146 3444 τὸ
170 3386 268 3443 θεῖον
291 3378 396 3454 οὕτως
419 3376 566 3464 ἐναργῶς
588 3385 712 3462 παρῆν,
738 3376 850 3462 κρύφα
878 3371 939 3459 μὲν
967 3372 1076 3440 οὐκέτι

133 3504 197 3567 ςιτ
219 3526 252 3544 =
271 3498 482 3566 4Reg.VI20.
