2400 3840
535 164 682 214 AEKATH
1053 165 1119 231 343

96 321 251 389 ε’κέλευσε
273 324 333 388 τὸν
350 324 703 410 Αίθίοπατριάκοντα
725 335 792 389 τῶν
816 328 997 409 βασιλικῶν
1014 321 1121 413 παρα-

97 433 246 513 λαβόντα
266 427 322 494 καὶ
340 432 471 512 σχοινία
489 429 544 494 καὶ
563 440 630 496 πᾶν
648 429 666 495 δ
685 432 768 514 πρὸς
785 431 847 514 τήν
865 439 925 496 τοῦ
943 433 1118 515 προφήτου

96 537 269 622 σωτηρίαν
292 534 438 602 ἐπινοεῖν
460 538 638 622 χρήσιμον,
665 538 746 621 μετὰ
769 538 917 621 σπουδῆς
940 538 1118 604 ἀνελκύσαι

97 645 159 708 τὸν
178 639 348 728 Ἱερεμίαν.
394 642 412 709 ὁ
441 641 471 707 δ’
497 644 633 721 Αἰθίοψ
652 645 858 729 παραλαβὼν
881 643 940 720 οὓς
968 643 1118 728 ἐπετάγη,

69 767 83 808 τ
98 746 287 814 ἀνέσπασεν
301 747 336 814 ἐκ
349 757 410 814 τοῦ
428 750 596 836 βορβόρου
614 751 674 815 τὸν
692 750 867 836 προφήτην
884 747 939 814 καὶ
955 750 1118 834 διαφῆκεν

97 855 304 939 ἀφύλακτον.

167 962 277 1046 <124>
299 961 596 1046 μεταπεμψαμένου
619 960 650 1027 δ’
677 963 779 1028 αὐτὸν
805 965 917 1049 κρύφα
940 972 1001 1029 τοῦ
1024 967 1154 1048 βασι-6

98 1065 183 1143 λέως
205 1064 261 1132 καὶ
283 1073 318 1134 τί
339 1069 479 1134 δύναται
502 1069 641 1156 φράζειν
664 1069 752 1157 αὐτῷ
770 1071 860 1156 παρὰ
882 1079 943 1135 τοῦ
960 1077 1045 1136 θεοῦ
1063 1069 1119 1136 καὶ

98 1175 184 1259 πρὸς
201 1175 241 1238 τά
259 1176 407 1260 παρόντα
427 1179 602 1260 σημαίνειν
620 1174 791 1261 ἐρομένου,
811 1178 898 1261 ἔχειν
916 1173 978 1262 μέυ
997 1180 1120 1261 ἐλεγεν,

59 1297 85 1338 1⁰
100 1280 142 1345 οὐ
160 1282 446 1364 πιστευθήσεσθαι
461 1279 492 1346 δ’
514 1282 616 1348 είπδον
636 1278 715 1347 οὐδέ
732 1280 934 1368 παραινέσας
952 1282 1120 1366 ἀκουσθή-

99 1392 230 1450 σεσθαι.
277 1384 372 1452 ἀλλά
399 1389 434 1452 τί
459 1388 500 1470 δή
523 1411 564 1472 με
588 1389 692 1454 κακὸν
720 1385 938 1474 είργασμένον
961 1387 1119 1454 ἀπολέσαι

100 1490 287 1574 διέγνωσαν
310 1495 345 1558 οί
366 1491 419 1569 σοὶ
443 1495 562 1577 φίλοι;’
586 1497 677 1579 φησί.
719 1492 785 1559 (καὶ
808 1503 874 1560 τοῦ
896 1503 961 1560 νῦν
982 1492 1068 1559 είσὶν
1087 1495 1123 1560 οί

98 1602 160 1664 τὸν
184 1599 403 1682 Βαβυλώνιον
431 1597 546 1664 οὐκέθ’
571 1598 652 1684 ἡμῖν
679 1598 945 1685 ἐπιστρατεύσειν
973 1600 1121 1684 φάσκον-

98 1728 154 1781 τες
176 1702 232 1768 καὶ
255 1703 444 1781 ἀπατῶντες
466 1705 564 1788 ὑμάς;
589 1704 791 1788 εὐλαβοῦμαι
815 1702 853 1770 δὲ
875 1714 939 1770 νῦν
962 1706 1022 1789 τήν
1041 1706 1121 1788 ἀλή-

57 1827 84 1868 15
99 1818 202 1876 θειαν
225 1812 345 1894 εἰπεῖν,
370 1812 415 1895 μή
438 1834 479 1895 με
501 1812 699 1896 κατακρίνῃς
721 1809 879 1898 θανάτφ.’
925 1811 1035 1894 <125>
1058 1820 1120 1876 τοῦ

100 1913 139 1981 δὲ
162 1914 324 2001 βασιλέως
346 1917 467 2003 ὅρκους
489 1915 578 2004 αὐτῷ
602 1916 720 1993 δόντος
742 1915 787 1992 ὡς
807 1913 877 1980 οὐτ’
900 1914 999 1992 αὐτὸς
1017 1915 1121 1981 αὐτὸν

99 2021 274 2107 ἀναιρήσει
307 2022 384 2087 οὐτε
410 2032 482 2098 τοῖς
507 2021 667 2107 ἡγεμόσιν
698 2021 848 2106 ἐκδώσει,
880 2022 1053 2108 θαρρήσας
1079 2030 1120 2107 τῇ

100 2126 264 2213 δεδομένη
287 2132 394 2194 πίστει
418 2130 682 2212 συνεβούλευσεν
708 2129 797 2216 αὐτῷ
824 2129 1033 2213 παραδοῦναι
1058 2128 1121 2212 τήν

100 2235 202 2299 πόλιν
227 2245 298 2311 τοῖς
320 2237 560 2319 Βαβυλωνίοις.
605 2236 722 2319 <126>
748 2243 852 2300 ταῦτα
882 2232 913 2300 δ’
944 2234 1033 2325 αὐτῷ
1060 2237 1121 2300 τὸν

58 2357 86 2397 20
100 2341 187 2405 θεὸν
215 2336 259 2404 δι’
290 2340 393 2406 αὐτοῦ
425 2343 648 2429 προφητεύειν
680 2345 807 2428 ἐλεγεν,
839 2348 873 2408 εί
896 2366 934 2426 γε
965 2345 1121 2429 βούλεται

102 2447 267 2524 σώζεσθαι
297 2445 353 2513 καὶ
380 2449 440 2513 τὸν
467 2447 635 2532 ἐφεστῶτα
661 2451 823 2515 κίνδυνον
853 2450 1033 2533 διαφυγεῖν
1065 2447 1121 2514 καὶ

100 2554 183 2636 μήτε
205 2553 267 2635 τήν
289 2556 389 2620 πόλιν
411 2556 459 2630 είς
482 2554 606 2637 ἔδαφος
627 2566 741 2620 πεσεῖν
765 2556 847 2637 μήτε
868 2556 928 2619 τὸν
950 2557 1048 2619 ναόν·
1076 2555 1121 2638 μή

100 2656 283 2724 πεισθέντα
309 2661 373 2746 γάρ
401 2659 504 2724 αὐτὸν
531 2659 660 2723 τούτων
686 2662 863 2745 παραίτιον
890 2661 1027 2725 ἔσεσθαι
1053 2669 1122 2723 τῶν

101 2774 214 2828 κακῶν
236 2775 306 2841 τοῖς
327 2766 479 2841 πολίταις
501 2761 557 2828 καλ
579 2763 668 2852 αὐτῷ
690 2760 825 2829 πανοικὶ
851 2773 910 2848 τῆς
938 2772 1122 2849 συμφορᾶς.

57 2884 87 2928 2⁵
104 2869 224 2952 <127>
248 2869 265 2935 ὃ
290 2866 327 2936 δὲ
350 2867 441 2936 ταῦτ’
468 2869 611 2946 ἀκούσας
638 2870 821 2955 βούλεσθαι
848 2865 910 2955 μέν
935 2870 1035 2946 αὐτὸς
1058 2872 1121 2954 ἐφη

101 2987 214 3040 ποιεῖν
237 2975 258 3041 ἀ
280 2987 438 3062 παραινεῖ
458 2974 514 3041 καὶ
538 2974 626 3059 λέγει
649 2978 820 3042 συνοίσειν
842 2976 931 3064 αὐτῷ
952 2977 1123 3060 γινόμενα,

103 3079 252 3147 δεδιέναι
276 3078 313 3146 δὲ
335 3085 414 3158 τοὺς
437 3081 727 3167 αὐτομολήσαντας
748 3091 817 3146 τῶν
840 3081 1021 3166 ὁμοφύλων
1039 3083 1123 3167 πρὸς

102 3190 182 3264 τοὺς
205 3190 460 3272 Βαβυλωνίους,
488 3188 532 3271 μή
563 3185 758 3271 διαβληθεὶς
779 3184 836 3254 ὑπ’
862 3185 973 3251 αὐτῶν
995 3196 1041 3274 τῷ
1063 3190 1124 3272 βα-

103 3298 192 3358 σιλεῖ
211 3299 372 3378 κολασθῇ.
418 3293 528 3376 <128>
554 3293 790 3380 παρεθάρρυνε
818 3288 849 3356 δ’
875 3291 977 3358 αὐτὸν
1000 3294 1018 3359 ὁ
1041 3315 1125 3379 προ·

62 3417 91 3458 ao
106 3401 227 3483 φήτης,
254 3398 310 3463 καί
333 3399 440 3484 μάτηυ
462 3399 620 3464 ὑπονοεῖν
642 3399 704 3482 τήν
726 3402 888 3485 τιμωρίαν
913 3401 1038 3483 ἔλεγεν·
1067 3399 1125 3465 ού-

109 3573 111 3578 .
176 3525 191 3586 5
209 3525 259 3575 123
275 3545 309 3565 =
323 3518 422 3576 Ierem.
436 3519 510 3576 XLV
525 3526 571 3587 1⁰3
591 3519 625 3576 cf.
639 3519 738 3575 Ierem.
751 3518 838 3575 XLIV
853 3525 900 3576 λθ.
