2400 3840
126 129 167 193 78
488 126 766 180 ιΡΧΑιοΛοΓικΣ

132 289 258 375 ἐκείνης
280 288 336 355 καὶ
358 298 417 373 της
439 291 541 372 ἀλλης
560 299 628 354 τών
647 292 882 352 Παλαιστινῶν
899 287 1008 370 χώρας
1027 288 1148 369 λαβόν-

92 421 180 473 ςτες
204 397 426 482 ἀνεχώρησαν.
473 396 582 479 <357>
610 392 903 478 ἐκπεπορθημένην
934 390 971 457 δὲ
997 394 1059 474 τήν
1082 398 1147 456 Σε-

126 504 226 568 κελὰν
248 503 444 587 καταλαβὼν
471 501 490 567 δ
512 503 664 584 Δαυίδης
691 494 747 564 καὶ
771 497 999 585 διηρπασμένα
1027 500 1147 581 πάντα,

127 606 181 672 καὶ
204 609 263 684 τὰς
285 619 447 690 γυναῖκας
468 609 527 683 τάς
550 605 671 671 ἑαυτοῦ
694 605 771 692 (δύο
794 607 857 690 γάρ
881 601 980 690 ἦσαν)
1008 603 1063 669 καὶ
1087 608 1146 681 τὰς

126 726 286 796 γυναῖκας
299 725 367 779 τῶν
382 711 521 800 ἑταίρων
536 716 599 778 σὺν
617 724 688 789 τοῖς
700 711 829 789 τέκνοις
843 709 1145 797 ᾐχμαλωτισμένας,
1160 735 1173 773 5

127 821 385 905 περιρρήγνυται
405 819 509 896 εὐθὺς
526 819 588 902 τήν
608 818 743 902 ἐσθήτα,
767 819 876 901 <358>
890 821 1017 883 κλαίων
1036 814 1073 881 δέ
1089 816 1145 881 καὶ

127 926 330 1011 ὀδυρόμενος
348 926 428 1010 μετά
446 936 515 990 τών
533 928 643 1009 φίλων
662 922 715 989 ἐπὶ
733 933 894 988 τοσοῦτον
912 927 1057 1008 παρείθη
1074 935 1146 999 τοῖς

125 1043 239 1107 κακοῖς
264 1031 340 1097 ὥστ’
357 1034 460 1099 αὐτὸν
479 1032 643 1099 ἐπιλιπεῖν
661 1035 724 1117 ήδη
747 1032 803 1097 καὶ
825 1034 865 1096 τά
885 1033 1020 1116 δάκρυα.
1058 1030 1144 1095 ε’κιν-

127 1138 269 1202 δύνευσε
292 1135 407 1204 δὲκαὶ
431 1137 568 1224 βληθεὶς
590 1129 655 1205 ὑπὸ
678 1151 746 1204 τῶν
770 1138 920 1225 ἑταίρων,
951 1139 1145 1219 ἀλγούντων

128 1241 181 1307 ἐπὶ
202 1255 276 1322 ταῖς
298 1247 536 1330 αἰχμαλωσίαις
557 1256 626 1310 τῶν
648 1256 818 1328 γυναικών
840 1242 895 1309 καὶ
918 1254 985 1309 τῶν
1007 1241 1144 1326 τέκνων,
1161 1267 1186 1305 ιο

128 1349 328 1417 ἀποθανεῖν·
351 1350 455 1418 αὐτὸν
472 1353 536 1436 γάρ
554 1363 622 1417 τῶν
641 1355 827 1435 γεγονότων
850 1349 1000 1436 ᾐτιῶντο.
1035 1351 1146 1432 <359>

128 1454 282 1541 ἀνασχὼν
306 1456 337 1523 δ’
364 1457 398 1523 ἐκ
421 1468 479 1542 τῆς
502 1459 618 1542 λύπης,
640 1455 696 1523 καὶ
718 1458 780 1541 τήν
804 1458 957 1522 διάνοιαν
980 1457 1062 1540 πρὸς
1085 1456 1145 1520 τὸν

127 1563 212 1626 θεὸν
234 1562 431 1647 ἀναστήσας,
453 1563 653 1649 παρεκάλεσε
681 1565 740 1628 τὸν
768 1561 921 1647 ἀρχιερέα
941 1560 1145 1647 Ἀβιάθαρον

129 1665 335 1734 ἐνδύσασθαι
357 1671 419 1754 τήν
445 1670 677 1757 ἀρχιερατικὴν
700 1671 836 1753 στολήν,
863 1667 918 1733 καὶ
942 1667 1144 1753 ἐπερωτῆσαι

126 1775 186 1839 τὸν
203 1777 288 1841 θεὸν
300 1775 356 1841 καὶ
374 1786 602 1861 προφητεῦσαι
622 1779 652 1841 εί
668 1774 823 1853 διώξαντι
841 1778 920 1851 τοὺς
931 1773 1145 1858 Ἀμαληκίτας
1161 1798 1187 1837 15

127 1881 245 1947 δίδωσι
267 1887 466 1968 καταλαβεῖν
483 1881 539 1948 καί
563 1894 666 1948 σώσαι
690 1879 752 1968 μὲν
769 1883 828 1958 τὰς
850 1893 1009 1964 γυναῖκας
1027 1879 1083 1945 καὶ
1105 1883 1145 1944 τὰ

126 1986 235 2071 τέκνα,
257 1992 509 2077 τιμωρήσασθαι
533 1987 571 2055 δὲ
593 1993 672 2066 τοὺς
695 1989 847 2074 ἐχθρούς.
894 1990 1001 2071 <360>
1024 1997 1085 2051 τοῦ
1110 1985 1142 2050 δ’

127 2092 304 2179 ἀρχιερέως
331 2098 465 2161 διώκειν
492 2098 723 2179 κελεύσαντος,
756 2095 941 2179 ἐκπηδήσας
969 2096 1050 2178 μετά
1077 2107 1145 2158 τῶν

127 2195 307 2274 ἑξακοσίων
335 2201 479 2267 ὁπλιτῶν
503 2204 611 2267 εἵπετο
638 2214 709 2278 τοῖς
736 2204 914 2285 πολεμίοις.
960 2205 1144 2286 παραγενό-

127 2327 226 2387 μενος
249 2303 280 2368 δ’
298 2303 355 2369 ἐπί
373 2327 449 2369 τινα
471 2306 674 2390 χειμάρρουν
697 2307 847 2372 Βάσελον
870 2309 1065 2390 λεγόμενον,
1088 2306 1143 2371 καὶ
1159 2327 1187 2366 20

71 2405 75 2409 ’
126 2407 330 2498 πλανωμένῳ
358 2407 425 2474 τινί
458 2412 644 2495 περιπεσὼν
671 2415 845 2500 Αἰγυπτίῳ
879 2408 939 2496 μέν
970 2415 1008 2477 τὸ
1037 2412 1144 2495 γένος,

127 2513 183 2580 ὑπ’
201 2515 330 2594 ἐνδείας
348 2513 385 2582 δὲ
404 2514 459 2582 καὶ
477 2523 577 2602 λιμοῦ
597 2517 784 2608 παρειμένῳ
804 2518 906 2606 (τρισὶ
925 2522 988 2604 γάρ
1007 2519 1144 2604 ἡμέραις

128 2621 164 2687 ἐν
186 2632 225 2709 τῇ
250 2622 367 2712 ἐρημία
390 2626 605 2710 πλανώμενος
627 2627 740 2704 ἀσιτος
768 2624 1028 2713 διεκαρτέρησε),
1055 2638 1143 2710 πρῶ-

127 2753 186 2795 τον
210 2730 312 2797 αὐτὸν
331 2743 419 2821 ποτῷ
437 2730 492 2797 καὶ
511 2742 618 2818 τροφή
639 2734 929 2818 παραστησάμενος
947 2731 1003 2796 καὶ
1022 2732 1144 2797 ἀναλα-

127 2838 197 2920 βὼν
221 2836 363 2903 ἐπύθετο
387 2843 438 2916 τίς
459 2837 489 2904 τ’
511 2846 561 2921 εῖη
585 2837 640 2904 καὶ
663 2842 779 2904 πόθεν.
826 2840 935 2922 <361>
954 2839 971 2903 ὃ
992 2835 1029 2903 δὲ
1047 2837 1144 2920 γένος
1159 2857 1186 2895 25

128 2939 188 3026 μὲν
217 2940 393 3026 ἐσήμαινεν
421 2944 605 3024 Αἰγύπτιος
632 2944 694 3025 ών,
720 2949 985 3025 καταλειφθῆναι
1016 2941 1046 3007 δ’
1077 2943 1143 3007 ὑπὸ

127 3058 187 3113 τοῦ
215 3048 378 3112 δεσπότου
406 3045 451 3111 δι’
482 3046 670 3132 ἀρρωστίαν
702 3047 840 3112 ἕπεσθαι
868 3048 912 3132 μή
941 3049 1143 3133 δυνάμενον·

128 3153 248 3236 ἐδήλου
272 3151 303 3217 δ’
321 3153 423 3218 αὑτὸν
445 3164 513 3218 τῶν
535 3155 816 3238 καταπρησάντων
833 3153 889 3219 καὶ
913 3157 1145 3240 διηρπακότων

127 3262 210 3326 ἀλλα
233 3284 268 3326 τε
291 3269 348 3344 τής
369 3257 536 3337 Ἰουδαίας,
553 3258 608 3325 καὶ
631 3260 693 3342 τήν
715 3262 864 3326 Σεκελάν
893 3257 987 3326 εἶναι.
1033 3261 1143 3343 <362>

125 3367 331 3450 χρησάμενος
350 3362 412 3432 οὖν
431 3367 448 3433 ὁ
467 3369 619 3450 Δαυίδης
639 3367 744 3455 τούτῳ
765 3365 816 3431 ἐπὶ
836 3371 914 3445 τοὺς
930 3366 1144 3453 Ἀμαληκίτας
1158 3387 1188 3426 οο

198 3493 286 3552 §357
307 3515 340 3534 =
361 3495 375 3543 1
395 3489 463 3557 Reg.
483 3488 558 3541 ΧΧΧ
574 3494 598 3544 3.
