2400 3840
518 163 643 215 ΟΓΔΟΗ
1023 161 1089 225 199

66 324 173 407 τομὴν
196 325 235 387 τὰ
259 325 397 388 κατόπιν
416 322 524 387 αὐτοῦ
543 321 733 407 βλέιτοντος,
756 333 868 412 χρυσῷ
891 323 920 388 δ’
943 326 1028 402 ἅπας
1046 320 1089 408 ήν

65 428 253 513 δεδεμένος.
919 419 921 423 ’

69 546 70 549 ’
136 536 254 619 <141>
282 533 381 601 ταῦθ’
407 537 425 603 6
449 539 614 621 Σολομὼν
643 538 805 624 εἰκοσετίηι
831 539 1122 623 κατασκευάσας,3

62 640 137 707 ἐπεὶ
159 644 267 708 πολὺν
291 640 352 726 μὲν
375 642 463 732 αὐτῷ
486 646 612 730 χρυσὸν
634 647 737 709 πλείω
761 641 792 709 δ’
813 645 962 730 ἄργυρον
981 644 999 710 6
1018 656 1087 709 τῶν

29 751 203 836 οΤυρίων
234 753 389 834 βασιλεὺς
420 751 569 835 Είραμος
602 751 649 827 εἰς
683 751 744 834 τήν
778 752 972 835 οἰκοδομίαν
1006 769 1086 816 συν-

60 857 214 940 ήνεγκεν,
238 859 285 921 ἔτι
307 852 344 921 δέ
361 854 416 920 καὶ
436 855 518 935 ξύλα
535 855 657 942 κέδρου
675 855 731 922 καί
749 861 876 940 πίτυος,
900 858 1085 944 ἀντεδωρή-

61 979 144 1028 σατο
167 961 222 1027 καί
246 963 346 1039 αὐτὸς
368 962 526 1047 μεγώλαις
549 964 688 1049 δωρεαῖς
710 966 770 1030 τὸν
793 965 961 1049 Είραμον,
990 968 1085 1031 σίτύν

59 1092 99 1133 τε
121 1066 192 1133 κατ’
219 1071 292 1146 ἔτος
318 1067 456 1153 πέμπων
484 1068 572 1157 αύτῷ
597 1067 652 1133 καὶ
676 1064 771 1135 οἶνον
797 1069 852 1135 καὶ
881 1074 1008 1155 ἔλαιον,
1037 1066 1086 1137 ὧν

59 1174 204 1259 μάλιστα
237 1177 293 1240 διώ
325 1178 361 1240 τὸ
390 1184 496 1259 νῆσον
523 1177 643 1260 οἰκεῖν,
676 1176 721 1253 ώς
752 1175 807 1242 καὶ
841 1180 1085 1263 προειρήκαμεν

10 1303 43 1342 10
58 1282 137 1364 ήδη,
161 1280 289 1368 χρῄζων
308 1279 455 1348 διετέλει.
500 1282 611 1366 <142>
634 1283 718 1367 πρὸς
740 1284 872 1360 τούτοις
896 1279 933 1348 δὲ
950 1283 1006 1349 καὶ
1024 1289 1084 1350 πό-

59 1393 132 1464 λεις
154 1387 243 1476 αὐτῷ
266 1397 325 1472 τῆς
349 1391 529 1466 Γαλιλαίας
552 1395 656 1454 εἰκοσι
683 1385 745 1474 μέν
767 1391 827 1455 τὸν
853 1389 1014 1474 ἀριθμόν,
1042 1391 1083 1455 οὐ

58 1496 177 1580 πόρρω
201 1491 238 1559 δέ
260 1503 319 1579 τῆς
341 1495 453 1581 Τύρου
471 1494 633 1581 κειμένας,
657 1494 844 1581 ἐχαρίσατο·
861 1495 908 1572 69
930 1495 1083 1562 ἐπελθὼν

56 1598 117 1665 καί
139 1602 345 1683 κατανοήσας
367 1602 527 1686 Είραμος,
549 1599 604 1667 καὶ
628 1602 874 1687 δυσαρεστήσας
897 1611 936 1687 τῇ
961 1604 1081 1690 δωρεᾷ,

56 1704 192 1790 πέμψας
209 1709 292 1793 πρὸς
306 1712 493 1791 Σολομῶνα
511 1708 554 1792 μή
575 1710 708 1773 δεῖσθαι
727 1718 796 1773 τῶν
813 1710 944 1773 πόλεων
958 1711 1081 1793 ἔλεγεν,

10 1836 39 1876 15
56 1813 196 1878 κᾶκτοτε
218 1814 539 1900 προσηγορεύθησαν
563 1814 727 1897 Χαβαλὼν
753 1821 808 1897 γῆ·
836 1818 1082 1898 μεθερμηνευό-

56 1942 162 2004 μενον
190 1919 253 2003 γὰρ
280 1921 317 1983 τὸ
346 1921 501 2004 χαβαλὼν
528 1919 610 1984 κατδι
640 1920 809 1984 Φοινίκων
841 1924 991 2000 γλῶτταν
1020 1920 1082 1985 οὐκ

55 2023 201 2111 ἀρέσκον
220 2028 382 2109 σημαίνει.
418 2026 528 2108 <143>
545 2024 600 2090 καὶ
620 2027 808 2110 σοφίσματα
828 2021 865 2089 δὲ
883 2023 938 2090 καὶ
958 2028 1081 2108 λόγους

56 2132 313 2215 αἰνιγματώδεις
337 2129 539 2215 διεπέμψατο
566 2133 649 2216 πρὸς
676 2133 736 2197 τὸν
759 2136 946 2216 Σολομῶνα
969 2132 987 2198 6
1011 2144 1081 2199 τών

60 2238 195 2325 Τυρίων
218 2238 388 2322 βασιλεύς,
411 2243 611 2324 παρακαλῶν
634 2238 723 2315 ὅπως
746 2237 835 2326 αὐτῷ
857 2238 998 2316 τούτους
1021 2257 1079 2305 σα-

12 2367 41 2407 εο
56 2347 185 2429 φηνίση
217 2343 272 2408 καὶ
302 2353 360 2428 τῆς
387 2344 527 2431 ἀπορίας
558 2355 626 2410 τῶν
654 2343 691 2410 έν
723 2344 837 2423 αύτοίς
869 2344 1079 2430 ζητουμένων

56 2449 238 2535 ώπαλλώξη.
283 2452 342 2516 τὸν
362 2446 399 2514 δέ
418 2452 531 2516 δεινὸν
550 2453 630 2517 ὄντα
647 2449 703 2515 καὶ
723 2454 863 2517 συνετὸν
881 2450 983 2518 οὐδὲν
1001 2455 1078 2519 τού-

57 2582 126 2623 των
151 2563 339 2642 παρηλθεν,
367 2557 450 2622 ἄλλα
477 2557 585 2622 πάντα
611 2557 749 2639 νικήσας
775 2567 821 2645 τῷ
848 2563 995 2647 λογισμῷ
1022 2558 1078 2624 καὶ

58 2665 180 2747 μαθών
203 2663 314 2729 αὐτῶν
336 2663 398 2746 τήν
421 2662 575 2727 διώνοιαν
594 2660 743 2745 ἐφώτισε.
788 2661 898 2744 <144>
917 2663 1078 2748 μέμνηται

58 2766 96 2834 δὲ
118 2771 248 2835 τούτων
271 2781 338 2834 τῶν
362 2769 423 2834 δύο
447 2764 612 2852 βασιλέων
635 2765 688 2830 καί
713 2763 915 2853 Μένανδρος
941 2769 959 2835 6
982 2794 1079 2853 μετα·
1187 2822 1190 2828 .

19 2893 43 2933 25
58 2875 190 2961 φράσας
209 2876 272 2941 ἀπὸ
291 2884 350 2960 τῆς
370 2877 539 2939 Φοινίκων
559 2869 732 2937 διαλέκτου
749 2873 790 2937 τὰ
813 2876 945 2958 Τυρίων
963 2874 1078 2960 ἀρχεῖα

56 2984 104 3058 εἰς
122 2982 184 3064 τήν
198 2979 394 3064 Ἑλληνικήν
413 2981 542 3064 φωνήν,
561 2977 668 3061 λέγων
687 2977 792 3055 οὕτως
811 2979 1078 3063 (τελευτήσαντος

56 3084 93 3152 δὲ
119 3084 296 3172 Ἀβιβάλου
329 3084 495 3165 διεδέξατο
527 3086 590 3168 τήν
619 3089 792 3170 βασιλείαν
822 3085 840 3152 6
868 3088 943 3164 υίὸς
972 3088 1077 3154 αὐτοῦ

54 3194 219 3279 Είραμος,
247 3193 285 3270 ὃς
312 3194 435 3278 βιώσας
462 3195 518 3276 ἔτη
545 3193 750 3274 πεντήκοντα
780 3196 856 3280 τρία
884 3192 1076 3277 ἐβασίλευσε

54 3299 234 3383 τριάκοντα
256 3297 311 3363 καὶ
334 3296 480 3385 τέτταρα.
527 3298 636 3382 <145>
660 3295 757 3378 οὗτος
781 3304 881 3385 έχωσε
904 3301 941 3365 τὸ
965 3300 1076 3388 Εὐρύ-

12 3421 180 3490 εοχωρον,
208 3407 267 3470 τόν
294 3429 329 3470 τε
356 3415 505 3491 χρυσοῦν
532 3408 628 3471 κίονα
655 3408 715 3472 τὸν
743 3406 781 3471 έν
807 3419 877 3484 τοῖς
904 3415 964 3472 τοῦ
991 3411 1076 3485 Διὸς

128 3530 211 3590 §141
232 3551 266 3570 =
285 3526 495 3595 3Reg.1x10.
