2400 3840
509 149 633 201 ENATH
1013 145 1077 211 261

58 315 190 392 πλῆθος
213 306 366 391 γυναιξὶν
394 310 460 393 άμα
483 306 539 374 καὶ
561 306 689 385 τέκνοις
714 306 890 379 ἱκέτευεν,
913 308 999 391 (10)
1020 307 1081 373 Ἰα-

61 419 169 498 ζίηλος
196 413 236 478 δέ
260 439 312 492 τις
337 415 511 500 προφήτης
537 415 717 500 παρελθὼν
744 416 792 490 εἰς
814 411 918 497 μέσην
946 414 1007 498 τήν
1031 414 1081 480 έκ-

60 524 198 603 κλησίαν
221 519 393 605 ἀνεβόησε,
416 531 461 611 τῷ
479 544 515 586 τε
533 522 657 604 πλήθει
675 519 782 601 λέγων
802 518 922 608 καὶτῷ
942 524 1081 604 βασιλεῖ,

60 628 120 691 τὸν
142 628 226 691 θεὸν
250 624 430 692 ἐπακοῦσαι
454 637 522 692 τῶν
545 626 663 711 εὐχῶν,
685 624 740 690 καὶ
758 628 958 710 πολεμήσειν
978 626 1082 691 αὐτὸν

31 743 129 808 ετοῖς
153 730 289 818 ἐχθροῖς
312 731 582 814 ἐπαγγείλασθαι.
619 729 798 818 προσέταξε
821 728 858 796 δὲ
880 741 919 818 τῇ
944 730 1083 818 ἐπιούσῃ

58 838 121 920 τήν
141 839 299 922 στρατιάν
317 836 515 916 ἐξελάσαντα
533 847 604 915 τοῖς
621 841 792 921 πολεμίοις
810 838 974 904 ὑπαντᾶν·
994 840 1083 923 <11>

62 945 218 1030 εὑρήσειν
241 945 304 1029 γάρ
328 943 451 1021 αὐτοὺς
474 942 528 1009 ἐπὶ
550 952 609 1028 τής
631 942 752 1029 μεταξὺ
766 941 1005 1029 Ἱεροσολύμων
1027 942 1083 1010 καὶ

59 1048 243 1133 Ἐγγάδδης
270 1049 477 1135 ἀναβάσεως,
510 1047 690 1134 λεγομένης
717 1047 748 1114 δ’
776 1046 921 1136 Ἐξοχῆς,
953 1049 1009 1117 καὶ
1038 1052 1083 1137 μὴ

64 1142 248 1240 συμβαλεῖν
280 1153 342 1241 μὲν
372 1156 501 1239 αὐτοῖς,
534 1156 675 1233 στάντας
707 1152 745 1220 δὲ
772 1159 877 1240 μόνον
903 1157 988 1243 δρᾶν
1013 1168 1084 1235 πῶς

18 1283 47 1323 10
62 1264 177 1339 αὐτοῖς
199 1262 337 1347 μάχεται
359 1263 396 1328 τὸ
419 1270 527 1329 θεῖον.
571 1271 633 1328 τοῦ
661 1257 698 1327 δὲ
720 1264 896 1347 προφήτου
919 1262 1012 1328 ταῦτ’
1039 1266 1084 1329 εί-

61 1372 184 1445 πόντος
211 1369 229 1434 ὁ
253 1365 316 1453 μὲν
341 1372 498 1452 βασιλεὺς
524 1366 580 1435 καὶ
606 1370 645 1434 τὸ
673 1373 818 1453 πλῆθος,
845 1371 1003 1447 πεσόντες
1029 1367 1084 1435 ἐπὶ

62 1478 258 1561 πρόσωπον,
284 1475 510 1561 ηὐχαρίστουν
536 1499 573 1541 τε
599 1484 645 1564 τῷ
672 1482 742 1564 θεῷ
765 1472 821 1540 καὶ
843 1477 1084 1561 προσεκύνουν,

62 1582 99 1645 οῖ
120 1577 158 1645 δέ
181 1584 321 1646 Λευῖται
342 1591 414 1657 τοῖς
437 1581 595 1666 ὀργάνοις
618 1579 789 1647 διετέλουν
811 1581 1003 1666 ὑμνοῦντες.

130 1685 227 1768 <12>
256 1687 322 1769 άμα
346 1683 377 1751 δ’
403 1684 510 1773 ήμέρηι
531 1686 710 1773 προελθὼν
733 1686 751 1752 ὁ
774 1689 930 1770 βασιλεὺς
953 1688 1001 1762 είς
1022 1686 1118 1768 τήνσ

19 1812 47 1853 15
62 1795 188 1876 ἔρημον
215 1792 276 1874 τήν
303 1791 458 1857 ὑποκάτω
488 1793 622 1869 Θεκώας
647 1793 789 1873 πόλεως,
819 1793 910 1874 ἔλεγε
936 1792 1020 1875 πρὸς
1046 1792 1084 1856 τὸ

62 1905 195 1982 πλῆθος
218 1899 263 1974 ὡς
287 1899 341 1963 δεῖ
361 1899 530 1964 πιστεύειν
547 1904 619 1974 τοῖς
639 1898 705 1963 ὑπὸ
725 1906 787 1962 τοῦ
804 1898 979 1982 προφήτου
997 1897 1085 1981 εἰρη-

62 2004 195 2090 μένοις,
222 2003 277 2069 καλ
305 2004 349 2088 μή
373 2004 639 2090 παρατάττεσθαι
666 1999 729 2088 μὲν
753 2002 875 2080 αὐτοὺς
897 2004 945 2080 εῖς
967 2002 1085 2087 μάχην,

62 2109 358 2195 προστησαμένους
385 2107 423 2175 δὲ
449 2113 529 2187 τοὺς
560 2111 659 2196 ίερεῖς
686 2110 767 2194 μετά
793 2119 862 2175 τῶν
893 2112 1085 2192 σαλπίγγων

62 2215 119 2282 καὶ
143 2221 287 2294 Λευίτας
309 2218 390 2302 μετά
412 2228 481 2283 τῶν
502 2217 701 2300 ὑμνούντων
724 2215 931 2302 εὐχαριστεῖν
953 2216 998 2293 ὡς
1019 2216 1084 2298 ήδη

18 2343 49 2383 20
64 2323 240 2412 ῥυσαμένῳ
264 2323 326 2405 τήν
348 2325 461 2409 χώραν
479 2322 574 2407 ὑμῶν
591 2322 681 2406 παρά
698 2332 767 2387 τῶν
784 2301 960 2408 πολέμίων.
998 2320 1086 2405 <13>

63 2432 165 2516 ήρεσε
193 2428 224 2494 δ’
250 2429 270 2512 ή
298 2437 359 2494 τοῦ
386 2426 548 2513 βασιλέως
574 2429 704 2513 γνώμη,
730 2426 787 2494 καὶ
813 2430 896 2514 άπερ
925 2427 1085 2512 συνεβού-
1118 2486 1122 2490 .

63 2543 173 2620 λενσε,
195 2533 287 2601 ταῦτ’
314 2537 485 2618 ἔπραττον.
531 2531 611 2600 όδέ
638 2535 719 2610 θεὸς
742 2535 790 2610 είς
816 2536 926 2618 φόβον
949 2530 1085 2616 ένέβαλε

61 2640 119 2708 καὶ
136 2642 283 2725 ταραχήν
300 2643 380 2717 τοὺς
395 2637 602 2723 Ἀμμανίτας.
639 2641 675 2702 οῖ
691 2633 729 2702 δὲ
747 2635 902 2715 δόξαντες
920 2635 1086 2719 ἀλλήλους

62 2752 245 2832 πολεμίους
272 2744 481 2829 ἀπέκτεινον,
514 2745 559 2822 ὡς
587 2741 622 2808 ἐκ
648 2750 708 2826 τής
738 2742 900 2824 τοσαύτης
931 2751 1087 2827 στρατιάς

21 2871 50 2913 2⁵
65 2853 285 2936 ἀνασωθῆναι
313 2849 449 2937 μηδένα.
494 2849 591 2934 <14>
615 2846 816 2934 Ἰωσάφατος
840 2844 870 2912 δ’
896 2845 1087 2932 ἀποβλέψας

63 2962 113 3036 είς
141 2960 202 3042 τήν
230 2960 386 3045 φάραγγα
415 2957 452 3024 έν
478 2950 501 3042 ή
528 2954 726 3042 συνέβαινεν
754 2951 1086 3040 ἐστρατοπεδευκέναι

63 3069 144 3143 τοὺς
161 3069 351 3150 πολεμίους,
374 3061 430 3129 καὶ
447 3065 556 3149 πλήρη
576 3072 704 3147 νεκρῶν
723 3062 817 3145 ίδύν,
839 3060 928 3144 ήσθη
950 3056 1012 3145 μὲν
1031 3057 1085 3125 ἐπὶ
1155 3147 1160 3158 Ι

64 3180 113 3258 τῷ
136 3169 314 3260 παραδόξῳ
337 3178 397 3254 τής
419 3178 480 3234 τοῦ
503 3174 588 3234 θεοῦ
611 3171 780 3252 βοηθείας,
806 3167 857 3233 ότι
880 3163 963 3252 μηδὲ
984 3167 1086 3249 πονή-

67 3294 167 3342 σασιν
190 3277 304 3354 αὐτοῖς
327 3277 426 3353 αὐτὸς
449 3273 494 3340 δι’
521 3272 641 3340 ἑαυτοῦ
664 3273 726 3355 τήν
748 3277 846 3356 νίκην
869 3274 1006 3356 ἔδωκεν,
1032 3271 1048 3336 ἑ
1071 3311 1086 3322 -

24 3401 52 3441 ³0
67 3382 183 3469 ε’τρεψε
210 3380 248 3447 δὲ
275 3392 314 3468 τή
338 3391 475 3469 στρατιᾷ
498 3379 678 3466 διαρπάσαι
700 3379 762 3461 τήν
784 3379 997 3465 παρεμβολήν
1019 3388 1087 3444 τῶν

139 3509 203 3570 ςιο
224 3530 257 3549 =
276 3503 464 3558 2Para1.xx
481 3508 522 3560 14.
