2400 3840
119 128 164 193 34
485 129 759 182 APxAlvomz

119 291 236 374 ὅμοιον
264 288 394 379 ὀλέθρῳ
422 291 460 356 τὸ
488 291 636 356 θάεσθαι
658 299 761 355 ταῦτα
783 299 829 378 τῷ
851 297 931 378 θεῷ.
967 294 1138 376 προσδόκα

118 401 235 462 τοίνυν
261 398 323 479 τήν
350 399 523 481 βασιλείαν
545 395 854 482 ἀφαιρεθησόμενος
882 395 1023 480 καλιήν
1047 397 1138 476 ἐξου-

119 506 211 587 σίαν,
242 501 301 588 ἀφ’
326 497 366 586 ῆς
398 502 588 588 ὁρμώμενος
620 511 679 567 τοῦ
711 506 940 588 παρασχόντος
967 521 1021 568 σοι
1053 510 1138 569 θεοῦ

118 611 243 692 ταύτην
270 607 455 693 ήμέλησας.’
507 607 616 691 <151>
644 609 799 686 Σάουλος
831 608 861 674 δ’
892 609 1021 674 ἀδικεῖν
1052 610 1137 693 ὡμο-

119 718 210 798 λόγει
237 713 293 780 καὶ
319 715 381 798 τήν
407 713 570 801 ἁμαρτίαν
598 715 659 780 οὐκ
685 715 831 801 ἠρνεῖτο·
859 719 1049 800 παραβῆναι
1073 717 1166 801 γὰρε

118 824 177 899 τὰς
205 820 340 897 ἐντολὰς
366 829 426 886 τοῦ
453 821 644 906 προφήτου,
676 822 758 886 κατὰ
785 821 900 906 μέντοι
923 845 961 905 γε
984 820 1060 897 δέος
1081 819 1137 885 καὶ

118 929 178 992 τὸν
205 926 269 992 ἀπὸ
299 935 367 991 τῶν
390 937 600 1011 στρατιωτῶν
623 930 733 1011 φόβον
760 928 803 1012 μή
827 933 974 993 κωλῦσαι
998 928 1137 1011 διαρπά-

120 1037 234 1112 ζοντας
257 1031 378 1108 αὐτοὺς
401 1034 463 1115 τήν
485 1036 578 1098 λείαν
601 1031 677 1117 μηδ’
705 1032 859 1118 ἐπισχεῖν.
905 1033 1001 1099 ἀλλὰ
1022 1037 1137 1116 συγγί-

118 1153 225 1203 νωσκε
247 1136 303 1204 καὶ
325 1147 432 1225 πρᾷος
460 1138 562 1203 ίσθι·’
595 1137 803 1222 φυλάξεσθαι
830 1141 894 1225 γάρ
923 1142 970 1216 είς
997 1140 1138 1205 τούπιὸν

119 1243 287 1330 ἁμαρτεῖν.
328 1243 504 1329 παρεκάλει
531 1240 568 1308 δὲ
595 1246 656 1309 τὸν
684 1245 861 1329 προφήτην
883 1244 1137 1330 ὑποστρέψαντα
1153 1267 1180 1306 10

119 1353 242 1428 θυσίας
263 1354 497 1435 χαριστηρίους
521 1349 704 1416 ἐπιτελέσαι
726 1360 772 1437 τῷ
790 1357 869 1438 θεῷ.
906 1352 924 1417 ὃ
944 1351 983 1416 δέ
1001 1349 1057 1439 (οὐ
1074 1355 1137 1438 γάρ

120 1455 206 1541 ἑώρα
232 1458 294 1522 τὸν
325 1458 410 1521 θεὸν
442 1453 736 1542 διαλλαττόμενον)
769 1455 866 1542 ἀπήει
897 1460 981 1543 πρὸς
1009 1456 1137 1524 ἑαυτόν.

118 1562 228 1646 (152)
251 1562 406 1638 Σάουλος
433 1558 471 1627 δὲ
497 1574 673 1647 κατασχεῖν
695 1565 899 1647 βουλόμενος
920 1566 979 1629 τὸν
1002 1565 1138 1648 Σαμού-

119 1673 202 1751 ηλον
221 1666 459 1754 ἐλλαμβάνεται
477 1677 536 1753 τῆς
555 1669 736 1752 διπλοΐδος,
759 1668 813 1734 καὶ
832 1673 943 1754 βιαίας
961 1680 1019 1752 τῆς
1038 1670 1138 1754 ὁλκῆς

120 1776 176 1840 διὰ
198 1776 235 1841 τὸ
259 1773 335 1861 μεθ’
362 1774 466 1859 ὁρμῆς
493 1772 626 1840 ἀπιέναι
648 1775 708 1840 τὸν
730 1776 934 1859 Σαμοόηλον
956 1775 1138 1860 γενομένης
1153 1796 1178 1835 15

120 1883 278 1968 διασχίζει
305 1883 392 1948 τὸί
391 1881 519 1966 μάτιον.
570 1881 680 1965 <153>
706 1890 767 1947 τοῦ
799 1877 837 1947 δέ
868 1883 1057 2053 προφήτουὶ
1076 1883 1137 1964 τήν

119 1992 292 2072 βασιλείαν
315 1989 420 2066 οὕτως
438 1989 541 2054 αὐτοῦ
560 1989 797 2072 διασχισθῆναι
815 1989 984 2073 φήσαντος
1001 1986 1057 2053 καὶ
1081 1991 1137 2072 λή-

119 2102 244 2172 ψεσθαι
267 2096 391 2177 ταύτην
414 2095 547 2176 ἀγαθὸν
568 2091 625 2158 καὶ
648 2095 779 2160 δίκαιον
800 2093 968 2179 (ἐμμένειν
990 2096 1053 2179 γάρ
1077 2097 1138 2161 τὸν

119 2200 203 2263 θεὸν
216 2210 287 2274 τοῖς
299 2198 375 2284 περὶ
389 2200 493 2264 αὐτοῦ
506 2197 723 2283 κεκριμένοις,
740 2199 784 2275 ῶς
798 2209 858 2265 τοῦ
872 2201 1137 2284 μεταβάλλεσθαι

119 2301 174 2368 καὶ
202 2302 358 2387 στρέφειν
385 2305 446 2386 τῆν
473 2305 609 2387 γνώμην
632 2304 852 2389 ἀνθρωπίνου
874 2306 1006 2384 πάθους
1029 2309 1137 2390 ὄντος,
1152 2325 1178 2365 20

39 2459 40 2463 ,
120 2406 194 2493 οὐχὶ
221 2412 318 2484 θείας
345 2407 489 2496 ἰσχύος),
521 2410 632 2493 <154>
661 2409 679 2475 ὁ
707 2410 862 2488 Σάουλος
888 2413 1048 2497 ἀσεβῆσαι
1076 2410 1137 2498 μέν

120 2516 243 2597 έλεγεν,
257 2512 399 2598 ἀγένητα
413 2511 451 2580 δὲ
464 2523 601 2599 ποιῆσαι
614 2517 654 2582 τά
668 2514 881 2602 πεπραγμένα
895 2519 937 2602 μῆ
953 2519 1137 2585 δύνασθαι·

119 2624 257 2705 τιμῆσαί
286 2645 323 2703 γε
355 2621 421 2706 μήν
453 2621 556 2688 αὐτὸν
587 2623 779 2708 παρεκάλει,
810 2620 866 2688 καὶ
897 2632 957 2687 τοῦ
984 2626 1138 2706 πλήθους

120 2726 266 2812 ὁρῶντος
284 2732 348 2794 σὺν
362 2729 450 2817 αὐτῷ
467 2733 738 2814 παραγενόμενον
752 2739 797 2817 τῷ
815 2735 885 2817 θεῷ
899 2739 1137 2814 προσκυνῆσαι.

120 2835 238 2898 δίδωσι
262 2831 299 2900 δὲ
317 2845 415 2900 τοῦτο
435 2837 634 2918 Σαμούηλος
653 2836 752 2922 αὐτῷ,
770 2833 825 2899 καὶ
839 2835 1015 2900 συνελθὼν
1035 2854 1138 2921 προσ·
1152 2854 1178 2894 2⁵

119 2951 216 3004 κυνεῖ
235 2948 281 3026 τῶ
304 2946 383 3026 θεῷ.
429 2940 538 3022 <155>
561 2941 674 3021 άγεται
699 2936 737 3005 δέ
759 2937 813 3004 καὶ
838 2939 855 3005 ὁ
878 2951 946 3004 τῶν
966 2939 1137 3024 Ἀμαληκι-

119 3057 187 3110 τῶν
210 3048 364 3130 βασιλεὺς
378 3043 520 3126 ’Ἁγαγος
542 3047 625 3131 πρὸς
643 3045 755 3110 αὐτόν.
799 3044 854 3110 καὶ
875 3045 1137 3131 πυνθανομένου

119 3163 189 3228 πῶς
212 3157 261 3234 εἴη
285 3151 401 3235 πικρὸς
424 3150 442 3215 ὁ
465 3150 622 3232 θάνατος,
646 3145 753 3234 εἶπεν,
778 3151 837 3228 “ῶς
865 3154 907 3216 σὺ
929 3154 1053 3229 πολλάς
1075 3178 1137 3237 μη-

119 3257 215 3343 τέρας
230 3256 393 3343 Ἑβραίων
408 3252 461 3321 ἐπὶ
480 3254 608 3333 τέκνοις
625 3256 808 3341 ὀδύρεσθαι
827 3256 882 3322 καὶ
901 3255 1027 3334 πένθος
1040 3259 1136 3340 ἀγειν

120 3361 284 3446 ἐποίησας,
308 3363 413 3440 οὕτως
435 3362 609 3444 ὀδυνήσεις
633 3359 686 3427 ἐπὶ
704 3372 814 3450 σαυτῷ
833 3362 1055 3448 διαφθαρέντι
1073 3365 1136 3446 τήν
1150 3384 1178 3423 ao

191 3483 572 3553 §151=1Reg.XV24.
