2400 3840
506 137 658 188 ΕεΔοΜΗ
1026 137 1088 204 107

68 294 189 382 αὐτῷ),
216 295 408 381 γραμματέα
438 293 475 362 δέ
499 299 626 362 Σεισάν
654 297 799 381 ἐποίησε·
829 303 960 386 Βαναία
983 297 1021 365 δέ
1043 311 1088 389 τῷ

64 400 204 465 Ἰωάδου
227 402 288 484 τὴν
311 414 378 467 τῶν
402 404 695 488 σωματοφυλάκων
718 405 824 490 ἀρχὴν
849 406 1088 491 παραδίδωσιν.

68 509 105 573 oc
126 504 163 572 δέ
186 510 403 596 πρεσβύτεροι
419 511 542 588 ’παῖδες
561 510 664 576 αὐτοῦ
683 509 758 597 περὶ
782 514 818 576 τὸ
844 523 936 595 σῶμα
954 510 1009 577 καὶ
1028 514 1089 595 την

67 615 191 679 τούτου
214 617 369 699 φυλακὴν
391 611 486 700 ἦσαν.

37 741 53 779 ε
136 720 246 803 <111>
276 720 426 807 ἐμνήσθη
461 721 498 789 δέ
529 723 584 789 καὶ
619 736 686 790 τῶν
720 727 804 810 πρὸς
833 723 997 808 Ἰωνάθην
1020 725 1125 800 ’τὸνε

67 829 228 892 Σαούλου
251 829 354 893 παῖδα
379 836 559 913 συνθηκῶν
581 830 636 896 καὶ
667 832 776 917 ὅρκων
799 830 854 896 καὶ
877 841 936 916 τῆς
961 831 1090 898 ἐκείνου

66 935 152 1018 πρὸς
183 933 287 999 αὐτὸν
319 940 434 1019 φιλίας
462 960 497 1001 τε
524 935 580 1002 καὶ
608 939 765 1022 σπουδῆς.
815 942 899 1024 πρὸς
920 937 990 1027 λγδιρ
1020 952 1090 1016 τοῖς

66 1041 183 1116 ἀλλοις
205 1040 328 1106 άπασιν
351 1041 494 1125 ἀγαθοῖς
517 1035 568 1120 οἷς
595 1039 698 1129 εἶχεν,
726 1047 773 1110 ἔτι
801 1044 856 1110 καί
880 1047 1088 1131 μνημονικώ-

66 1169 165 1222 τατος
178 1157 246 1212 τῶν
261 1141 298 1212 εὖ
311 1149 523 1232 ποιησάντων
536 1152 625 1237 παρά
638 1153 698 1215 τὸν
708 1153 811 1218 ἀλλον
820 1155 944 1238 χρόνον
953 1154 1089 1238 ὑπῆρχε.
1144 1199 1149 1207 -
1164 1167 1165 1170 ’

26 1276 53 1315 10
66 1252 178 1339 (112)
201 1252 402 1339 προσέταξεν
420 1250 482 1321 οὖν
505 1256 679 1340 ἀναζητεῖν
702 1265 736 1323 εί
753 1283 804 1335 τις
828 1258 863 1324 ἐκ
886 1268 946 1324 τοῦ
970 1258 1090 1342 γένους

68 1358 172 1423 αὐτοῦ
196 1361 345 1443 σώζεται,
373 1356 400 1449 ᾧ
422 1363 481 1439 τάς
503 1362 644 1447 ἀμοιβάς
672 1363 711 1440 ἀς
734 1365 856 1448 ὤφειλε
879 1374 924 1451 τῷ
946 1362 1089 1449 Ἰωνάθη

65 1474 126 1549 τῆς
148 1463 294 1552 ἑταιρίας
313 1466 487 1533 ἀποδώσει.
524 1468 688 1554 ἀχθέντος
707 1465 769 1535 οὖν
787 1473 878 1546 τινὸς
897 1470 1086 1555 ἠλευθερω-

66 1570 171 1656 μένου
190 1568 252 1656 μδν
269 1573 334 1638 ὑπὸ
354 1574 523 1657 Σαούλου,
547 1573 737 1661 δυναμένου
757 1572 794 1640 δέ
813 1577 990 1658 γινώσκειν
1008 1580 1087 1655 τοὺς

67 1678 102 1743 ἐκ
125 1687 186 1743 τοῦ
209 1677 329 1761 γένους
347 1679 450 1744 αὐτοῦ
469 1683 655 1766 περιόντας,
678 1680 852 1767 ἀνέκρινεν
875 1689 909 1746 εί
925 1682 990 1748 τιν’
1018 1686 1087 1768 ἔχοι

26 1807 52 1848 15
66 1785 177 1868 λέγειν
190 1796 258 1850 τῶν
274 1784 416 1871 Ἰωνάθη
434 1789 670 1871 προσηκόντων
686 1790 789 1866 ζῶντα
807 1786 862 1852 καὶ
881 1793 1085 1872 κομίσασθαι

64 1894 124 1969 τάς
146 1903 214 1958 τῶν
237 1892 436 1977 εὐεργεσιῶν
458 1892 600 1978 χάριτας,
618 1893 817 1976 δυνάμενον,
841 1887 889 1958 ὧν
907 1892 963 1958 καὶ
987 1894 1086 1971 αὐτὸς

65 2002 161 2083 έτυχε
183 2001 272 2083 παρά
292 1996 464 2064 Ἰωνάθου.
509 1998 619 2080 <113>
638 1999 807 2082 φήσαντος
827 1997 858 2062 δ’
880 2001 956 2063 υίὸν
980 1999 1083 2065 αὐτοῦ

64 2107 328 2191 περιλείπεσθαι,
350 2107 603 2189 Μεμφίβοσθον
626 2106 741 2188 ὄνομα,
765 2103 1003 2191 πεπηρωμένον
1026 2107 1086 2184 τάς

65 2214 179 2296 βάσεις
202 2213 273 2296 (τῆς
296 2213 359 2296 γὰρ
382 2220 522 2297 τροφοῦ,
545 2212 626 2296 μετά
647 2213 685 2277 τὸ
708 2218 1001 2297 προσαγγελθῆναι
1025 2216 1086 2278 τὸν

23 2340 51 2379 20
64 2317 191 2403 πατέρα
218 2327 278 2383 τοῦ
305 2320 443 2383 παιδίου
470 2316 525 2384 καὶ
555 2320 614 2384 τὸν
636 2318 772 2383 πάππον
796 2316 832 2383 έν
855 2327 894 2403 τη
918 2319 1005 2404 μάχη
1030 2341 1087 2385 πε-

65 2429 200 2509 σόντας,
232 2423 466 2511 ἁρπασαμένης
497 2422 552 2490 καὶ
580 2426 770 2509 φευγούσης
797 2424 861 2490 ἀπὸ
890 2437 958 2490 τῶν
986 2428 1086 2509 ὤμων

64 2533 169 2598 αὐτὸν
191 2538 433 2616 κατενεχθῆναι
454 2529 510 2597 καὶ
533 2534 698 2615 βλαβῆναι
720 2532 779 2606 τάς
801 2530 940 2617 βάσεις),
962 2535 1086 2616 μαθὼν

65 2640 151 2704 ὅπου
182 2663 217 2703 τε
249 2636 304 2704 καί
336 2638 426 2724 παρά
456 2640 523 2702 τίνι
551 2635 722 2722 τρέφεται,
754 2633 884 2719 πέμψας
907 2634 995 2722 Ῐπρὸς
1025 2640 1085 2703 τὸν

64 2746 241 2831 Μάχειρον
265 2746 313 2821 είς
335 2745 481 2828 Λαβαθά
508 2746 607 2808 πόλιν
637 2741 739 2828 (παρὰ
766 2743 872 2828 τούτφ
897 2743 960 2827 γάρ
985 2743 1002 2808 6
1026 2753 1086 2808 τοῦ

22 2870 51 2909 25
63 2849 226 2916 Ἰωνάθου
257 2862 336 2927 παῖς
372 2847 542 2936 ἐτρέφετο)
579 2845 821 2933 μεταπέμπεται
858 2849 946 2933 πρὸς,
974 2849 1086 2915 αὑτόν.

65 2958 175 3040 <114>
186 2956 297 3022 ἐλθὼν
312 2955 343 3021 δ’
356 2957 373 3022 6
388 2959 635 3040 Μεμφίβοσθος
648 2956 731 3040 πρὸς
744 2955 803 3019 τὸν
818 2952 965 3039 βασιλέα,
976 2957 1087 3021 πεσὼν
1167 2957 1168 2960 ’

65 3061 119 3128 ἐπὶ
152 3066 332 3149 πρόσωπον
367 3063 615 3147 προσεκύνησεν
651 3061 761 3126 αὐτόν.
813 3061 831 3127 6
866 3058 903 3126 δέ
934 3064 1087 3146 Δαυίδης

63 3176 208 3256 θαρρεῖν
230 3193 266 3234 τε
283 3169 508 3255 προυτρέπετο
526 3167 583 3234 καὶ
601 3170 641 3235 τά
659 3171 777 3253 βελτίω
796 3169 994 3253 προσδοκᾶν.
1037 3171 1086 3235 δί-

66 3277 150 3341 δωσι
179 3274 210 3340 δ’
236 3276 325 3365 αὐτῷ
352 3274 408 3341 καὶ
437 3278 497 3341 τὸν
519 3285 674 3364 πατρῷον
697 3269 791 3339 οίκον
813 3271 869 3337 καὶ
893 3283 1003 3340 πᾶσαν
1026 3277 1088 3359 τὴν

141 3413 497 3483 §111=2Reg.1x1.
572 3411 925 3480 §1132216051666

68 3509 153 3570 §114
173 3529 207 3548 =
226 3502 326 3572 εΙιες.
345 3502 386 3556 lx
400 3509 425 3558 6.
