2400 3840
501 138 653 203 mom
684 190 689 195 ,
1020 140 1084 204 147

63 314 121 362 σιν
144 298 180 363 οί
197 301 407 383 Γαβαωνῖται
430 303 546 384 λαβεῖν
564 296 648 385 ὑπὲρ
666 310 734 363 τῶν
757 299 984 386 ἀνῃρημένων,
1007 303 1084 368 ταύ-

63 427 126 486 την
154 401 268 482 αύτοῖς
294 404 460 492 παράσχῃ,
493 406 775 488 διαλλαγήσεσθαι
807 404 863 471 καὶ
891 409 951 472 τὸν
983 408 1083 492 όχλον

63 509 265 588 ἀπαλλάξειν
291 521 359 576 τῶν
389 523 500 578 κακῶν
532 510 759 596 ἐπηγγέλλετο.
803 512 921 596 <296>
948 512 994 590 ὡς
1020 509 1083 579 οὗν

61 624 166 680 ταῦτα
189 619 278 703 παρά
295 629 363 683 τῶν
381 628 564 704 προφητῶν
582 620 708 703 ἔμαθεν
729 617 892 702 ἐπιζητεῖν
909 619 970 683 τὸν
988 622 1082 704 θεόν,

33 719 304 807 σμεταπέμπεται
336 727 415 803 τοὺς
443 727 672 809 Γαβαωνίτας,
701 722 757 789 καὶ
783 726 875 801 τίνος
902 726 1082 809 βούλονται

61 835 177 913 τυχεῖν
199 828 359 916 ἐπηρώτα.
404 842 471 896 τῶν
495 829 529 896 δ’
555 830 591 896 ἐκ
613 839 674 896 τοῦ
697 830 817 915 γένους
839 838 899 896 τοῦ
923 833 1081 898 Σαούλου

60 940 267 1020 παραλαβεῖν
290 933 370 1001 ἑπτά
393 938 514 1014 παῖδας
533 935 745 1015 ἀξιωσάντων
766 939 850 1023 πρὸς
866 939 1039 1024 τιμωρίαν,
1062 938 1081 1004 ὁ

61 1044 217 1124 βασιλεὺς
240 1041 443 1127 ἀναζητήσας
466 1040 656 1129 παρέδωκεν
680 1043 812 1134 αὐτοῖς,
829 1046 1081 1134 Μεμφιβόσθου

61 1147 260 1232 φεισάμενος
283 1157 344 1214 τοῦ
359 1145 522 1215 Ἰωνάθου
540 1150 668 1226 παιδός.
705 1149 813 1239 <297>
832 1152 1081 1236 παραλαβόντες

18 1274 46 1313 10
61 1251 91 1318 δ’
119 1252 155 1318 οί
171 1257 381 1339 Γαβαωνῖται
403 1259 481 1333 τοὺς
504 1257 629 1342 ἀνδρας
647 1257 692 1333 ὡς
711 1256 890 1341 ἐβούλοντο
908 1255 1081 1323 ἐκόλασαν.

59 1358 181 1445 ήρξατο
210 1358 240 1425 δ’
265 1360 341 1426 ύειν
362 1371 561 1448 παραχρῆμα
589 1363 606 1428 ὁ
630 1364 711 1439 θεὸς
737 1361 792 1427 καλ
820 1361 881 1446 τήν
908 1370 973 1448 γήν
996 1363 1081 1447 πρὸς

59 1467 165 1550 γονήν
187 1480 324 1554 καρπῶν
342 1468 532 1552 ἀνακαλεῖν,
555 1468 723 1555 ἀπολύσας
740 1477 801 1534 τοῦ
818 1470 983 1555 πρότερον
1001 1468 1079 1553 αὐχ-

59 1582 138 1657 μοῦ·
162 1571 217 1639 καὶ
240 1575 341 1640 πάλιν
363 1575 558 1659 ηύθήνησεν
580 1575 601 1659 ή
624 1585 692 1641 τῶν
711 1572 875 1661 Ἑβραίων
897 1576 998 1661 χώρα.

128 1681 235 1765 <298>
259 1682 470 1767 στρατεύεται
494 1677 532 1746 δὲ
555 1679 624 1765 μετ’
645 1681 686 1746 ού
704 1682 812 1747 πολὺν
831 1682 956 1766 χρόνον
979 1681 996 1746 ὁ
1021 1683 1079 1764 βα-

17 1805 43 1845 15
59 1789 171 1863 σιλεὺς
199 1783 252 1852 ἐπὶ
279 1788 542 1870 Παλαιστινούς,
568 1786 624 1852 καὶ
652 1787 803 1864 συνάψας
830 1786 938 1871 μάχην
965 1785 1079 1863 αὐτοῖς

58 1890 114 1958 καὶ
138 1893 342 1979 τρεψάμενος
361 1892 515 1977 ἐμονώθη
536 1894 675 1959 διώκων.
711 1889 767 1958 καὶ
785 1894 963 1976 γενόμενος
986 1893 1080 1957 έκλυ-

60 2023 115 2076 τος
141 2001 248 2084 ,ὤφθη
281 2001 365 2085 πρός
396 2022 488 2076 τινος
519 2010 587 2064 τῶν
613 2001 795 2083 πολεμίων,
818 1996 989 2081 ’Ἀκμωνος
1019 1993 1080 2081 μὲν

58 2106 217 2189 τούνομα,
238 2103 386 2192 Ἀράφου
409 2101 447 2170 δὲ
469 2105 599 2182 παιδός.
641 2105 749 2188 <299>
768 2098 866 2182 οὗτος
883 2097 926 2188 ήν
944 2099 1006 2187 μὲν
1023 2099 1080 2168 καὶ

59 2211 226 2294 ἀπόγονος
248 2223 316 2277 τῶν
339 2212 520 2295 γιγάντων,
549 2213 634 2296 έχων
662 2207 699 2276 δὲ
725 2207 784 2276 καὶΙ
808 2209 929 2290 ξυστὸν
954 2205 995 2275 οὗ
1018 2211 1079 2294 τήν

17 2337 44 2376 20
59 2318 167 2402 λαβήν
190 2316 295 2402 φασὶν
319 2317 427 2383 ἕλκειν
450 2319 602 2401 σταθμὸν
622 2321 834 2404 τριακοσίους
857 2320 1001 2402 σίκλους,
1024 2313 1081 2381 καὶ

58 2425 198 2511 θώρακα
222 2424 428 2491 ἁλυσιδωτὸν
454 2422 510 2491 καὶ
534 2424 720 2512 ῥομφαίαν,
748 2425 900 2511 ὥρμησεν
928 2423 1080 2509 ἐπιστρα-

59 2528 134 2615 φεὶς
153 2531 198 2608 ὡς
216 2531 407 2597 ἀποκτενῶν
425 2532 484 2595 τὸν
502 2541 571 2596 τῶν
588 2533 756 2614 πολεμίων
774 2527 924 2614 βασιλέα·
943 2541 1079 2616 παρεῖτο

58 2638 122 2723 γάρ
154 2638 219 2702 ὑπὸ
254 2645 313 2703 τοῦ
345 2639 460 2702 κόπου.
514 2632 667 2720 ἐπιφανεῖ
719 2632 748 2699 δ’
785 2633 942 2718 ἐξαίφνης
970 2631 1079 2717 Ἀβεσ-

58 2755 153 2820 σαῖος
176 2744 193 2809 ὁ
214 2741 351 2828 Ἰωάβου
374 2742 519 2826 ἀδελφὸς
546 2742 605 2806 τὸν
628 2737 765 2825 βασιλέα
790 2736 852 2823 μὲν
874 2739 1077 2824 ὑπερήσπισε

15 2868 42 2907 25
57 2850 196 2935 περιβάς
218 2853 386 2934 κείμενον,
414 2845 583 2914 ἀπέκτεινε
611 2843 648 2911 δὲ
671 2846 730 2911 τὸν
752 2841 921 2930 πολέμιον.
967 2844 1077 2946 <300>

56 2956 175 3037 ήνεγκε
208 2954 239 3020 δ’
271 2954 323 3020 ε’πὶ
356 2964 400 3042 τῷ
432 2951 509 3040 παρ’
541 2954 656 3036 ὀλίγον
687 2953 903 3019 κινδυνεῦσαι
932 2951 991 3016 τὸν
1018 2955 1076 3033 βα-

57 3059 150 3127 σιλέα
176 3068 325 3146 χαλεπῶς
351 3062 389 3125 τὸ
417 3066 559 3144 πλῆθος·
586 3058 642 3125 καὶ
669 3059 704 3125 οί
728 3059 887 3143 ἡγεμόνες
915 3058 1074 3143 ὥρκωσαν

57 3169 160 3233 αὐτὸν
193 3166 307 3252 μηκέτι
341 3168 388 3243 είς
419 3167 527 3250 μάχην
560 3165 743 3249 ἀπαντῆσαι
777 3168 840 3230 σὺν
872 3163 999 3246 αὐτοῖς,
1031 3162 1075 3246 μή

58 3272 103 3339 δι’
135 3275 294 3360 ἀνδρείαν
325 3270 380 3337 καί
412 3275 608 3359 προθυμίαν
639 3273 760 3337 παθών
792 3296 823 3336 τι
856 3281 922 3335 τῶν
955 3271 1076 3334 δεινῶν

14 3398 42 3437 ³0
57 3381 198 3466 στερήσῃ
222 3382 281 3445 τὸν
304 3380 386 3446 λαὸν
409 3390 476 3444 τῶν
500 3376 544 3444 δι’
571 3378 673 3443 αὐτὸν
696 3377 846 3460 ἀγαθῶν,
872 3377 933 3441 ὅσα
956 3373 984 3441 τ’
1010 3375 1074 3460 ήδη

130 3506 145 3566 ε
165 3507 216 3556 296
236 3528 270 3548 =
289 3508 305 3556 ε
324 3501 392 3569 Reg.
413 3499 477 3553 XXI
492 3507 517 3558 ε.

875 3587 933 3643 ιο*
