2400 3840
94 147 159 212 126
466 149 739 204 ενκωολουιεε

94 307 240 376 καὶτῶν
263 309 443 390 ἑξακοσίων
466 312 626 394 ὁπλιτῶν,
655 315 691 376 οἳ
710 308 766 377 καὶ
788 319 847 396 τῆς
872 313 1005 397 πρώτης
1028 313 1119 401 αὐτῷ

58 439 64 444 ·
94 426 205 502 φυγής
232 417 450 502 ἐκοινώνουν,
478 416 525 484 ὅτ’
557 420 609 500 ἔζη
638 418 802 495 Σάουλος.
848 417 966 501 <ῗο0>
994 420 1057 483 τὸν
1087 417 1116 483 δ’

90 520 295 612 Ἀβιάθαρον
317 522 373 590 καὶ
396 525 561 590 Σάδωκον
583 527 662 601 τοὺς
684 522 871 610 ἀρχιερέας,
895 527 1119 611 συναπαίρειν

93 629 182 719 αὐτῷ
206 633 439 714 διεγνωκότας,
462 628 517 695 καὶ
541 634 684 707 Λευίτας
707 632 857 706 ἅπαντας
880 632 960 715 μετά
983 639 1044 714 τῆς
1068 655 1116 696 κι·

92 740 203 820 βοτοῦ
220 736 334 821 μένειν
353 739 492 819 ἔπεισεν,
515 737 561 814 ὡς
582 744 643 802 τοῦ
661 744 746 802 θεοῦ
764 735 820 800 καὶ
839 737 883 820 μή
903 739 1138 821 μετακομιζοι

92 841 193 927 μένης
214 842 316 926 αὐτῆς
339 840 537 927 ῥυσομένου.
581 842 701 926 <201>
725 841 910 908 ἐνετείλατο
935 839 966 906 δ’
993 841 1114 908 ἕκαστα

91 958 159 1013 τῶν
185 945 372 1032 γινομένων
397 948 508 1035 λάθρᾳ
535 946 745 1031 διαγγέλλειν
772 947 871 1036 αὐτῷ.
917 952 1057 1026 πιστοὺς
1081 946 1112 1013 δ’

92 1055 166 1137 έσχε
192 1055 275 1139 πρὸς
301 1053 409 1119 πάντα
437 1055 614 1130 διακόνους
640 1055 762 1130 παῖδας
787 1052 924 1138 Ἀχιμὰν
954 1051 1017 1139 μὲν
1044 1059 1112 1119 Σα-

40 1210 44 1217 .
92 1161 202 1225 δώκου
226 1157 389 1244 Ἰωνάθην
421 1159 452 1226 δ’
479 1159 693 1247 Ἀβιαθάρου.
741 1158 815 1224 Ἐθλ
843 1158 875 1225 δ’
906 1161 923 1226 ὁ
952 1162 1113 1238 Γιτθαίος

91 1264 343 1354 συνεξώρμησεν
361 1266 449 1356 αὐτῷ
468 1267 668 1352 βιασάμενος
690 1267 752 1349 τήν
774 1275 835 1331 τοῦ
853 1267 1009 1332 Δαυίδου
1032 1268 1111 1350 βού-
1124 1286 1146 1326 10

91 1378 189 1456 λησιν
215 1371 342 1458 (μένειν
369 1374 432 1459 γάρ
460 1372 563 1439 αὐτὸν
592 1370 804 1458 ἀνέπειθεν),
836 1370 891 1437 καὶ
925 1373 980 1437 διά
1012 1380 1112 1438 τοῦτο

90 1485 217 1562 μᾶλλον
245 1479 363 1555 εὔνους
391 1477 479 1566 αὐτῷ
506 1478 685 1562 κατεφάνη.
731 1478 841 1561 <202>
870 1476 1114 1561 ἀναβαίνοντος

91 1582 122 1648 δ’
148 1583 251 1649 αὐτοῦ
275 1585 331 1649 διὰ
354 1592 413 1650 τοῦ
433 1582 611 1661 Ἐλαιῶνος
638 1585 738 1671 όρους
766 1593 907 1668 γυμνοῖς
928 1596 999 1660 τοῖς
1021 1589 1113 1669 ποσί,

89 1687 144 1755 καλ
171 1690 306 1756 πάντων
329 1693 392 1756 σῦν
419 1689 508 1780 αὐτῷ
533 1691 764 1777 δακρυόντων,
792 1687 983 1773 ἀγγέλλεται
1010 1689 1068 1756 καλ
1094 1692 1112 1757 ό

87 1795 296 1884 Ἀχιτόφελος
320 1797 431 1864 συνδιυ
448 1805 494 1886 τῷ
510 1793 725 1886 Ἀβεσαλώμφ
749 1794 804 1862 καὶ
826 1798 867 1862 τά
885 1797 1007 1863 τούτου
1027 1821 1111 1884 φρο-
1127 1816 1150 1858 15

89 1914 168 1970 νῶν.
219 1902 362 1971 ἐπέτεινε
389 1901 420 1969 δ’
448 1903 537 1994 αὐτῷ
564 1905 602 1969 τὸ
630 1905 780 1990 λυπηρὸν
807 1899 898 1969 τοῦτ’
929 1902 1111 1988 ἀκουσθέν,

88 2008 144 2075 καὶ
166 2013 227 2077 τὸν
248 2014 332 2077 θεὸν
356 2010 549 2077 ἐπεκαλείτο·
568 2011 732 2094 δεόμενος
754 2008 1020 2095 ἀπαλλοτριῶσαι
1047 2011 1111 2093 τήν

86 2112 316 2200 Ἀβεσαλώμου
344 2116 498 2196 διάνοιαν
529 2117 614 2202 πρὸς
645 2117 705 2181 τὸν
729 2113 954 2200 Ἀχιτόφελον·
988 2115 1110 2182 ἐδεδίει

88 2219 152 2304 γάρ
179 2221 224 2302 μή
251 2219 411 2285 τάναντία
438 2221 677 2304 συμβουλεύων
704 2224 854 2286 πείσειεν
877 2220 994 2305 αὐτόν,
1023 2220 1109 2309 ἀνήρ

88 2323 136 2388 ῶν
154 2326 321 2410 φρενήρης
334 2322 390 2388 καλ
404 2325 607 2390 συνιδεῖν-τὸ
620 2322 789 2403 λυσιτελὲς
803 2325 967 2404 ὀξύτατος.
998 2327 1109 2412 <203>
1123 2348 1149 2388 ιο

87 2429 265 2513 γενόμενος
298 2426 329 2493 δ’
360 2424 416 2493 έπλ
446 2437 504 2513 τῆς
531 2437 685 2516 κορυφῆς
711 2438 771 2496 τοῦ
802 2432 902 2518 όρονς
930 2433 1109 2499 ἀπεσκόπει

86 2533 148 2617 τήν
166 2536 275 2620 πόλιν,
297 2530 353 2600 καλ
371 2536 454 2620 μετά
470 2540 604 2603 πολλῶν
623 2537 789 2623 δακρύων,
813 2539 858 2616 ὡς
876 2538 919 2604 ἀν
938 2543 1109 2623 βασιλείας

88 2640 247 2728 ἐκπεσών,
273 2640 391 2726 ηὔχετο
419 2651 465 2732 τῷ
493 2650 571 2732 θεῷ.
617 2646 802 2728 συνήντησε
829 2641 861 2710 δ’
892 2644 979 2733 αὐτῷ
1008 2649 1108 2730 φίλος

86 2748 171 2836 ἀνήρ
198 2745 254 2814 καλ
281 2746 415 2833 βέβαιος
439 2749 546 2816 Χουσὶ
574 2753 688 2835 όνσμα.
733 2749 844 2834 <204>
871 2759 991 2816 τοῦτον
1016 2752 1108 2837 ὁρῶν

85 2855 147 2939 τήν
175 2854 300 2938 έσθήτα
328 2855 594 2943 κατερρηγμένον
627 2853 682 2921 καλ
709 2855 771 2937 τήν
797 2856 947 2941 κεφαλήν
977 2859 1105 2923 σποδοῦ
1120 2876 1148 2917 ιε

85 2961 194 3048 πλήρη
225 2957 281 3024 καὶ
307 2967 510 3047 θρηνοῦντα·
529 2961 590 3044 τήν
622 2959 807 3046 μεταβολήν
838 2965 1019 3048 παρηγόρει
1049 2962 1104 3027 καλ

85 3069 279 3134 παύσασθαι
301 3075 360 3151 τῆς
382 3066 488 3150 λύπης
514 3067 706 3153 παρεκάλει,
732 3062 788 3160 καλ
815 3064 909 3143 τέλος
936 3066 1104 3134 ίκέτευσεν

85 3172 275 3240 ἀπελθόντα
301 3175 384 3261 πρὸς
411 3174 471 3238 τὸν
496 3170 736 3258 Ἀβεσάλωμον,
765 3172 810 3250 ὡς
839 3171 992 3238 τάκείνου
1020 3198 1103 3259 φρο-

84 3289 220 3365 νοῦντα,
242 3281 282 3346 τά
304 3277 334 3346 τ’
360 3280 530 3367 ἀπόρρητα
552 3287 611 3362 τῆς
633 3279 785 3355 διανοίας
805 3277 908 3343 αὐτοῦ
926 3292 1103 3345 κατανοεῖν

83 3381 139 3448 καὶ
157 3397 229 3463 ταῖς
243 3384 457 3472 Ἀχιτοφέλου
476 3388 694 3471 συμβουλίαις
711 3383 954 3472 ἀντιπράττειν·
977 3385 1017 3450 οὐ
1036 3388 1099 3473 γάρ
1114 3406 1144 3445 ιο

155 3509 170 3570 5
190 3510 242 3560 200
262 3533 296 3554 =
314 3515 330 3563 2
349 3508 418 3578 Reg.
437 3507 489 3564 XV
502 3513 544 3565 25.
