2400 3840
115 134 180 199 208
483 131 757 188 κετωοεονιεε

113 298 233 381 φόρων
260 294 409 381 ἡμιόνων
437 296 537 372 ὅσους
564 290 620 360 καί
647 290 741 377 ῥύμη
767 289 822 357 καὶ
849 292 969 359 κάλλει
996 295 1061 378 τὴν
1082 304 1136 361 τοῦ

116 398 278 485 βασιλέως
310 401 389 478 όψιν
422 393 459 464 εὖ
492 398 670 481 διαθήσειν
701 393 914 482 ἐπελέγοντο,
952 399 1042 466 ὥστε
1072 411 1137 478 τοίς

115 501 214 572 οὖσιν
242 505 331 594 αύτῷ
357 507 520 592 πρότερον
546 504 670 591 ἅρμασι
691 499 747 568 καί
769 501 885 581 ἵπποις
908 503 945 570 ἐκ
969 517 1042 572 τῶν
1064 530 1138 593 πεμ

116 610 272 697 πομένων
304 608 495 698 προσθέντα
526 618 663 694 ποιῆσαι
694 611 754 676 τδν
785 605 848 695 μέν
878 621 951 677 τῶν
984 612 1138 698 ἁρμάτων

115 718 265 805 ἀριθμὸν
287 717 511 804 τετρακοσίοις
532 717 766 802 περιττότερον
788 709 847 801 (ἦν
864 717 931 803 γάρ
949 717 1046 807 αύτῷ
1065 722 1159 805 κρόι

115 848 215 910 τερον
241 823 362 908 χίλια),
388 825 449 889 τὸν
476 818 514 888 δὲ
540 831 609 888 τῶν
635 822 747 888 ἵππων
770 823 950 906 δισχιλίοις
975 821 1139 912 (ὑπῆρχον

117 931 180 1014 γάρ
208 929 297 1017 αύτῷ
326 929 497 1013 δισμύριοι
519 925 639 1016 λπποι).
684 927 794 1013 <184>
816 927 964 1012 ἤσκηντο
991 928 1025 995 δ’
1053 927 1139 998 οὗτοι

91 1037 200 1120 ,πρὸς
232 1033 420 1120 εὐμορφίαν
451 1031 507 1099 καὶ
534 1033 648 1119 τάχος,
679 1034 725 1112 ὡς
751 1029 826 1118 μήτ’
856 1032 1139 1126 εὐπρεπεστέρους

115 1142 240 1217 ἀλλους
263 1135 349 1206 εἶναι
373 1143 557 1231 συμβαλεῖν
579 1137 693 1216 αὐτοῖς
720 1136 795 1224 μήτ’
820 1137 1031 1228 ὠιωτέρους,
1062 1145 1138 1211 ἀλλά

116 1249 315 1326 καλλίστους
350 1268 386 1314 τε
421 1246 556 1313 πάντων
592 1244 737 1332 ὁρᾶσθαι
773 1242 829 1311 καί
865 1244 1138 1335 ἀπαραμίλλητον
1148 1267 1167 1309 1⁰

118 1354 230 1420 αύτῦν
249 1349 335 1421 εἶναι
354 1354 415 1437 τὴν
433 1351 582 1436 ὀξύτητα.
610 1351 722 1436 <185>
741 1350 949 1438 ἐπεκόσμουν
968 1353 1002 1421 δ’
1020 1358 1138 1436 αύτούς

116 1458 173 1525 καὶ
201 1462 236 1526 οί
261 1460 513 1546 ἀναβαίνοντες,
542 1458 672 1542 νεότητι
700 1454 763 1543 μέν
788 1468 923 1545 πρῶτον
951 1459 1138 1542 ἀνθοῦντες

118 1564 387 1650 ἐπιτερπεστάτη,
413 1566 451 1630 τὸ
480 1561 511 1628 δ’
536 1563 628 1646 δύος,
650 1567 744 1643 ὄντες
771 1567 945 1651 περίοπτοι
973 1567 1033 1634 καί
1057 1574 1137 1637 πολὺ

115 1681 185 1737 τῶν
207 1672 318 1737 ἄλλων
341 1669 568 1756 ὑπερέχοντες,
591 1673 750 1756 μηκίστας
771 1669 833 1758 μὲν
849 1672 1052 1758 καθειμένοι
1071 1680 1138 1762 χαί-

116 1802 190 1862 τας,
223 1775 438 1864 ἐνδεδυμένοι
471 1774 509 1844 δλ
539 1788 681 1863 χιτῶνας
709 1787 769 1863 τῆς
799 1781 923 1865 Τυρίας
949 1785 1166 1871 πορφύραςῑῡ

116 1894 232 1971 ψῆγμα
259 1881 297 1951 δὲ
323 1893 449 1972 χρυσοῦ
477 1882 556 1950 καθ’
581 1883 708 1969 ἡμέραν
735 1883 846 1952 αὐτῶν
874 1883 1048 1970 ἐπέσηθον
1071 1901 1139 1967 ταῖς

116 1995 244 2076 κόμαις,
267 1992 313 2069 ὡς
336 1995 483 2076 στίλβειν
506 1989 619 2055 αύτῦν
636 1992 695 2068 τὰς
712 1993 858 2076 κεφαλάς
875 1999 934 2076 τῆς
952 1991 1064 2078 αὐγῆς
1081 2003 1138 2061 τοῦ

116 2106 243 2180 χρυσοῦ
270 2098 353 2181 πρὸς
375 2099 435 2162 τὸν
457 2097 554 2179 ἥλιον
577 2094 881 2182 ἀντανακλωμένης.
926 2097 1040 2183 <186>
1064 2102 1137 2166 τού-

116 2223 183 2263 των
201 2199 276 2284 περλ
296 2201 399 2288 αὐτὸν
417 2204 526 2266 όντων
540 2200 828 2286 καθωπλισμένων
841 2200 897 2269 καί
910 2201 990 2282 τόξα
1005 2204 1136 2293 ἐξηρτη-

115 2301 241 2388 μένων,
270 2301 322 2388 έφ’
349 2306 494 2388 άρματος
520 2305 621 2383 αὐτὸς
647 2305 830 2391 ὀχούμενος
850 2307 906 2374 καὶ
929 2311 1054 2395 λευκὴν
1079 2313 1167 2396 ημ-ῑθ

114 2406 294 2494 φιεσμένος
326 2406 452 2494 ἐσθῆτα
483 2411 567 2495 πρὸς
599 2412 726 2498 αἰώραν
758 2416 838 2492 ἔθος
867 2410 955 2500 εἶχεν
982 2415 1135 2502 ἐξορμᾶν.

114 2511 158 2600 ἦν
191 2512 229 2581 δὲ
260 2519 383 2602 χωρίον
414 2540 447 2583 τι
480 2517 544 2584 ἀπὸ
577 2518 639 2584 δύο
673 2522 817 2605 σχοίνων
844 2519 1087 2608 Ἱεροσολύμων
1117 2524 1133 2589 ὃ

115 2629 264 2690 καλείται
282 2622 344 2711 μέν
361 2623 483 2712 Ἠθάμ,
506 2627 721 2714 παραδείσοις
740 2624 777 2693 δέ
795 2624 850 2693 καί
867 2628 1024 2712 ναμάτων
1044 2629 1133 2715 ἐπιρ-

116 2743 210 2817 ροαῖς
234 2730 404 2819 ἐπιτερπές
426 2735 493 2820 άμα
514 2732 569 2799 καὶ
592 2735 764 2801 πλούσιον.
810 2736 857 2811 είς
879 2743 977 2800 τοῦτο
1002 2737 1062 2813 τάς
1084 2734 1133 2815 ἐξ·

117 2839 217 2914 όδους
239 2838 464 2924 αίωρούμενος
488 2839 639 2907 ἐποιεῖτο.
1145 2856 1167 2899 2⁵

78 2961 98 3009 4
182 2945 293 3028 <187>
315 2948 394 3031 θείᾳ
414 2942 452 3011 δὲ
470 2944 546 3031 περὶ
564 2946 671 3011 πάντα
688 2949 857 3033 χρώμενος
874 2945 1006 3033 ἐπινοίᾳ
1024 2969 1060 3012 τε
1078 2944 1132 3012 καί

116 3052 262 3135 σπουδῇ,
284 3047 339 3116 καὶ
362 3052 439 3115 λίαν
463 3051 511 3115 ὢν
533 3053 728 3137 φιλόκαλος,
751 3050 831 3119 ούδέ
852 3063 920 3120 τῶν
943 3053 1033 3120 ὁδῶν
1056 3051 1132 3139 ἠμέ-

115 3161 231 3240 λησεν,
259 3155 342 3222 ἀλλὰ
368 3154 425 3221 καὶ
451 3156 580 3222 τούτων
605 3157 663 3232 τάς
685 3156 831 3241 ἀγούσας
853 3162 902 3237 είς
920 3156 1132 3246 Ἱεροσόλυμα

116 3265 286 3345 βασίλειον
310 3257 414 3329 οὖσαν
437 3265 524 3353 λίθῳ
546 3259 751 3349 κατέστρωσε
773 3265 904 3351 μέλανι,
929 3269 1013 3351 πρός
1036 3291 1071 3332 τε
1094 3269 1130 3332 τὸ

114 3365 290 3450 ῥᾳστώνην
313 3364 399 3434 εἶναι
427 3381 497 3448 τοῖς
524 3370 717 3456 βαδίζουσιν
746 3367 801 3435 καὶ
827 3372 911 3456 πρὸς
938 3374 975 3437 τὸ
1004 3374 1131 3456 δηλοῦν
1145 3389 1169 3431 ³⁰

186 3487 793 3560 §183=3Reg.x25;21³ara1.1x24.
