2400 3840
85 119 153 184 210
452 119 728 172 APXAIOAomz

83 284 163 359 τοὺς
187 279 324 347 ἐκείνων
347 279 468 367 σέβωσι
491 281 605 365 θεοάς,
626 275 787 367 παρέντες
810 289 916 367 τιμᾶν
936 286 1000 350 τὸν
1020 287 1111 351 ίὸιον.
1149 278 1150 282 “

84 390 194 472 (193)
226 387 310 454 ἀλλά
337 390 466 454 τούτων
492 384 555 473 μὲν
575 384 806 476 ήκατημέλησεν
834 387 1045 475 ὑπενεχθεὶς
1072 395 1113 469 είς

83 495 211 579 ἡδονήν
239 495 417 578 ἀλόγιστον
444 495 463 561 ὁ
486 495 666 580 Σολομῶν,
693 492 906 579 ἀγαγόμενος
936 493 978 562 δὲ
1001 510 1112 580 γυναῖ-

83 627 144 679 κας
166 601 338 688 ἀρχόντων
356 598 412 667 καὶ
431 602 604 686 διασήμων
622 599 812 687 θυγατέρας
831 598 1041 683 ἑπτακοσίας
1059 609 1112 672 τὸν

85 705 233 794 ἀριθμὸν
252 707 308 775 καὶ
326 709 496 786 παλλακὰς
512 711 714 793 τριακοσίας,
735 709 820 793 πρὸς
839 705 880 774 δὲ
897 711 1044 788 ταύταις
1061 709 1132 777 καὶι

85 816 147 898 τήν
164 824 225 881 τοῦ
244 817 405 898 βασιλέως
422 825 490 879 τῶν
502 815 700 896 Αἰγυπτίων
717 811 902 900 θυγατέρα,
923 815 1038 894 εὐθὺς
1055 815 1113 903 μὲν

86 921 252 1007 ἐκρατεῖτο
270 922 354 1005 πρὸς
372 920 483 987 αὐτῶν
502 920 586 986 ὥστε
604 926 778 1006 μιμεῖσθαι
796 921 838 985 τὰ
856 918 940 1005 παρῗ
965 921 1112 1007 ἐκείνων,

85 1026 140 1093 καὶ
162 1036 222 1110 τῆς
244 1026 377 1102 εὐνοίας
398 1023 454 1091 καὶ
473 1029 711 1112 φιλοστοργίας
728 1025 933 1110 ήυαγκάζετο
954 1029 1112 1116 παρέχειν

86 1132 202 1209 αὐταῖς
225 1132 343 1217 δεῖγμα
366 1133 404 1197 τὸ
428 1137 528 1217 βιοῦν
550 1131 596 1209 ὡς
619 1131 736 1210 αὐταῖς
752 1133 899 1217 πάτριον
917 1128 980 1218 ήν·
1006 1137 1110 1220 <194>

86 1239 333 1325 προβαινούσης
356 1235 393 1304 δὲ
413 1248 472 1324 τῆς
489 1238 619 1323 ἡλικίας
636 1236 691 1304 καὶ
709 1247 770 1304 τοῦ
788 1245 958 1324 λογισμοῦ
979 1243 1039 1308 διὰ
1056 1245 1111 1308 τὸν
1121 1261 1140 1301 1⁰

86 1349 210 1432 χρόνον
242 1345 469 1422 ἀσθενοῦντος
500 1343 651 1429 ἀντέχειν
676 1347 760 1432 πρὸς
786 1345 849 1429 τήν
876 1349 1022 1432 μνήμην
1048 1361 1110 1415 τῶν

88 1450 272 1537 ἐπιχωρίων
301 1450 583 1536 ἐπιτηδευμάτων,
611 1453 659 1516 ἔτι
686 1457 815 1536 μᾶλλον
841 1461 905 1517 τοῦ
932 1454 1032 1520 ίδίον
1054 1452 1110 1539 μὲν

87 1563 172 1622 θεοῦ
198 1559 465 1642 κατωλιγώρησε,
494 1560 573 1634 τοὺς
600 1553 638 1622 δὲ
665 1567 733 1623 τῶν
760 1557 876 1642 γάμων
903 1569 976 1624 τῶν
1007 1560 1110 1627 ἐπεισ-

87 1662 196 1727 άκτων
214 1673 319 1747 τιμῶν
338 1661 486 1734 διετέλει.
518 1663 629 1747 <195>
646 1663 703 1729 καὶ
722 1666 786 1750 πρὸ
804 1665 937 1729 τούτων
956 1664 990 1730 θ’
1009 1667 1109 1752 ἁμαρ-

87 1779 157 1834 τεῖν
181 1767 284 1834 αὐτὸν
306 1771 400 1854 ἔτυχε
423 1767 479 1834 καί
502 1775 671 1854 σφαλῆναι
689 1766 765 1854 περὶ
783 1769 845 1852 τήν
862 1773 1028 1856 φυλακήν
1046 1785 1109 1839 τῶν
1120 1791 1140 1833 15

88 1879 254 1963 νομίμων,
286 1875 340 1942 ὅτε
367 1877 407 1941 τὰ
434 1886 501 1942 τῶν
528 1882 659 1961 χαλκῶν
686 1880 777 1960 βοῶν
807 1875 1004 1960 ὁμοιώματα
1037 1904 1110 1946 κατ-

89 1986 245 2050 εσκεύασε
267 1994 335 2050 τῶν
356 1983 422 2049 ὑπὸ
445 1991 484 2069 τῇ
505 1983 654 2068 θαλάττη
676 1992 722 2070 τῷ
745 1983 937 2068 ἀναθήματι
960 1984 1020 2050 καὶ
1044 1998 1109 2052 τῶν

89 2093 234 2156 λεόντων
261 2101 329 2154 τῶν
355 2088 431 2174 περὶ
459 2091 518 2154 τὸν
546 2092 675 2177 θρόνον
702 2090 763 2155 τὸν
790 2091 891 2154 ίδιον·
934 2089 1019 2157 οὐδὲ
1048 2095 1108 2176 γάρ

88 2203 191 2259 ταῦτα
214 2205 324 2257 ποιεῖν
347 2194 387 2258 ὃν
411 2194 505 2260 ὅσιον
524 2195 709 2279 εἰργάσατο.
746 2196 855 2280 <196>
871 2197 1058 2263 κάλλιστον
1076 2195 1106 2262 θ’

89 2301 173 2382 ἔχων
199 2296 255 2361 καὶ
283 2300 409 2364 οίκεῖον
435 2299 644 2384 παράδειγμα
671 2309 730 2385 τῆς
758 2302 874 2387 ἀρετῆς
896 2304 958 2368 τὸν
981 2302 1141 2391 πατέρων

87 2402 143 2471 καὶ
161 2404 223 2486 τὴν
242 2402 371 2468 ἐκείνου
390 2403 501 2488 δόξαν,
524 2404 567 2488 ἣν
585 2406 674 2494 αὐτῷ
695 2406 818 2494 συνέβη
836 2414 1032 2477 καταλιπεῖν
1052 2413 1107 2477 διὰ

88 2512 150 2594 τήν
172 2511 256 2597 πρὸς
278 2512 337 2576 τὸν
360 2513 442 2578 θεὸν
466 2511 652 2599 εὐσέβειαν,
680 2514 721 2580 οὐ
744 2516 968 2600 μιμησάμενος
993 2517 1106 2599 αὐτόν,

88 2617 144 2684 καί
171 2628 274 2685 ταῦτα
302 2617 355 2698 δὶς
383 2620 471 2710 αὐτῷ
496 2629 556 2687 τοῦ
579 2628 664 2688 θεοῦ
686 2623 768 2687 κατὰ
791 2625 869 2700 τοὺς
890 2622 1020 2701 ὕπνους
1043 2649 1106 2708 φα-

89 2724 205 2805 νέντος
222 2725 278 2792 καὶ
292 2728 351 2793 τὸν
364 2727 490 2815 πατέρα
503 2735 677 2814 μιμεῖσθαι
690 2727 963 2814 παραινέσαντος,
982 2729 1107 2806 ἀκλεῶς

89 2832 267 2899 ἀπέθανεν.
1117 2852 1140 2895 ῶ

156 2941 265 3027 <197>
293 2934 372 3020 ήκεν
400 2936 462 3005 οὖν
487 2940 591 3016 εὐθὺς
614 2941 631 3005 ὁ
655 2943 827 3029 προφήτης
848 2942 913 3007 ὑπὸ
935 2950 997 3007 τοῦ
1021 2949 1105 3007 θεοῦ

58 3107 61 3133 ,
89 3047 270 3129 πεμφθείς,
299 3043 376 3108 οὔτε
403 3045 589 3110 λανθάνειν
616 3046 720 3113 αὐτὸν
746 3046 799 3113 ἐπί
821 3059 891 3125 τοῖς
913 3051 1105 3134 παρανομή-

90 3168 169 3233 μασι
192 3149 299 3233 λέγων
322 3146 392 3214 οὔτ’
414 3147 467 3215 ἐπὶ
486 3153 571 3217 πολὺ
589 3155 761 3236 χαιρήσειν
779 3165 849 3231 τοῖς
866 3155 1105 3240 πραττομένοις

90 3255 250 3339 ἀπειλῶν,
283 3256 365 3322 ἀλλά
398 3259 518 3335 ζῶντος
549 3252 610 3340 μέν
637 3257 698 3323 οὐκ
726 3259 1015 3345 ἀφαιρεθήσεσθαι
1043 3264 1104 3345 τήν

90 3364 273 3444 βασιλείαν,
296 3360 366 3428 ἐπεὶ
389 3373 434 3451 τῶ
457 3361 557 3448 πατρί
579 3364 713 3449 Δαυίδῃ
735 3367 772 3430 τὸ
796 3371 893 3432 θεῖον
916 3367 1020 3433 αὐτὸν
1043 3371 1104 3434 ὑπ·
1118 3385 1143 3425 ³⁰

162 3485 516 3553 §193==3Reg.X14.
