2400 3840
115 114 182 179 352
493 110 767 163 APxA10A0r1I2

114 273 171 340 καὶ
202 276 280 351 τοὺς
309 276 372 338 σὺν
402 271 491 359 αὐτῷ
519 266 775 355 κατακειμένους
807 268 844 334 ἐν
875 279 922 356 τῷ
956 269 1132 358 συμποσίω.
1167 277 1168 280 ’

116 379 171 448 καὶ
195 382 276 467 μετά
297 380 359 463 τὴν
380 379 509 444 τούτων
531 377 704 463 ἀναίρεσιν
727 375 874 454 ἐξελθὼν
896 379 1019 454 νυκτὸς
1038 378 1132 441 ἀπαν-

112 512 175 566 ’τας
197 488 334 572 φονεύει
356 488 435 562 τοὺς
459 483 496 550 έν
517 494 556 569 τῇ
574 486 669 550 πόλει
686 481 868 559 Ἰουδαίους
891 481 948 548 καὶ
971 487 1052 560 τοὺς
1073 484 1132 548 ὑπὸ

116 606 186 660 τῶν
208 595 436 678 Βαβυλωνίων
459 588 744 675 καταλειφθέντας
771 588 807 655 ἐν
834 589 920 674 αὐτῇ
947 601 1018 655 τῶν
1043 607 1133 674 στρα-
1178 571 1179 639 3

117 710 254 765 τιωτῶν.
295 699 405 781 (170)
429 706 468 783 τῇ
492 695 522 762 δ’
545 695 683 781 ἐπιούσῃ
705 698 786 782 μετά
809 697 930 782 δώρων
951 691 1038 779 ἧκον
1058 699 1153 781 πρὸςῡ

117 806 177 871 τὸν
197 806 363 869 Γαδαλίαν
382 814 450 869 τῶν
468 802 532 868 ἀπὸ
551 810 609 886 τῆς
626 803 736 887 χώρας
754 802 970 886 ὀγδοήκοντα,
996 803 1133 888 μηδενὸς

117 912 157 976 τά
184 908 260 996 περὶ
288 910 391 976 αὐτὸν
419 908 609 992 ἐγνωκότος.
655 909 738 975 ίδὼν
766 905 797 972 δ’
823 908 947 985 αὐτοὺς
966 905 1134 994 Ἰσμαῆλος

118 1022 196 1082 είσω
223 1039 259 1081 τε
281 1020 377 1081 καλεῖ
400 1012 473 1100 (ὡς)
500 1016 583 1101 πρὸς
606 1016 786 1098 Γοδολίαν,
812 1011 868 1079 καὶ
895 1018 1134 1100 παρελθόντων

117 1122 314 1198 ἀποκλείσας
335 1121 397 1204 τὴν
419 1121 527 1205 αὐλὴν
545 1120 716 1206 ἐφόνευσε,
737 1119 793 1186 καὶ
811 1122 851 1186 τά
870 1123 1007 1206 σώματα
1027 1123 1133 1187 αὐτῶν

117 1229 166 1304 είς
183 1226 306 1293 λόκκον
323 1228 399 1293 τινά
418 1229 541 1312 βαθύν,
562 1227 607 1305 ὡς
625 1227 667 1293 ἀν
685 1227 798 1312 ἀφανῆ
818 1225 960 1311 γένοιτο,
977 1231 1133 1294 κατεπόν-
1145 1243 1165 1283 1⁰

117 1349 196 1400 τισε.
241 1334 359 1416 <171>
383 1335 596 1416 διεσώθησαν
623 1329 661 1399 δέ
686 1345 754 1400 τῶν
778 1334 983 1417 ὀγδοήκοντα
1008 1339 1134 1402 τούτων

117 1440 252 1526 ἀνδρῶν
275 1443 311 1506 οἳ
326 1441 370 1526 μὴ
389 1443 552 1527 πρότερον
570 1440 792 1526 ἀναιρεθῆναι
809 1441 1039 1527 παρεκάλεσαν
1058 1440 1134 1527 πρὶν

117 1546 138 1629 ἢ
160 1548 201 1611 τὰ
223 1544 432 1633 κεκρυμμένα
451 1545 488 1611 ἐν
506 1557 577 1623 τοῖς
594 1545 710 1631 ἀγροῖς
730 1546 819 1635 αὐτῷ
837 1548 1046 1632 παραδῶσιν,
1069 1551 1135 1614 ε”πι-

116 1650 183 1717 πλά
205 1675 241 1717 τε
262 1649 318 1717 καὶ
337 1651 463 1737 ἐσθῆτα
480 1651 536 1718 καὶ
555 1654 658 1718 σῖτον.
699 1649 790 1718 ταῦτ’
812 1651 957 1729 ἀκούσας
980 1651 1134 1736 ἐφείσατο

116 1768 185 1823 τῶν
212 1757 347 1845 ἀνδρῶν
373 1761 502 1825 τούτων
526 1756 710 1844 Ἰσμαῆλος,
740 1759 851 1842 <172>
879 1760 939 1824 τὸν
967 1756 998 1821 δ’
1030 1757 1069 1824 ἐν
1097 1769 1133 1845 τῇ
1148 1772 1167 1812 1⁵

117 1868 297 1954 Μασφαθᾷ
320 1867 402 1932 λαὸν
425 1869 490 1931 σὺν
512 1863 644 1948 γυναιξὶ
666 1861 721 1930 καὶ
744 1866 877 1948 νηπίοις
895 1861 1133 1950 ᾐχμαλώτισεν·

118 1970 155 2035 ἐν
178 1963 229 2048 οἷς
250 1969 306 2039 καὶ
327 1981 389 2038 τοῦ
412 1969 573 2056 βασιλέως
595 1972 758 2037 Σεδεκίου
780 1969 979 2056 θυγατέρας,
1003 1971 1042 2048 ἀς
1066 1976 1135 2037 Να-

118 2079 345 2163 βουζαρδάνης
367 2079 386 2145 ὁ
409 2089 477 2143 τῶν
499 2080 727 2163 Βαβυλωνίων
755 2077 942 2162 στρατηγὸς
959 2078 1050 2164 παρά
1075 2080 1135 2143 Γο-

118 2183 214 2267 δολία
240 2187 477 2249 καταλελοίπει.
527 2193 630 2250 ταῦτα
658 2182 920 2270 διαπραξόμενος
947 2183 1134 2267 ἀφικνεῖται

116 2287 200 2369 πρὸς
222 2288 282 2350 τὸν
302 2285 508 2369 Ἀμμανιτῶν
531 2287 678 2371 βασιλέα.
1147 2306 1170 2344 2⁰

81 2411 98 2460 τ
183 2392 291 2473 <173>
315 2391 459 2468 ἀκούσας
482 2389 513 2456 δ’
537 2390 692 2476 Ἰωάννης
718 2393 773 2458 καὶ
801 2397 837 2461 oc
862 2398 925 2460 σὺν
949 2395 1038 2484 αὐτῷ
1061 2396 1134 2478 ἡγε-

117 2498 216 2583 μόνες
242 2498 290 2563 τὰ,
310 2495 347 2563 ἐν
372 2507 411 2584 τῇ
436 2502 614 2588 Μασφαθᾷ
641 2500 855 2587 πεπραγμένα
881 2500 937 2568 ὑπ’
961 2500 1135 2586 Ἰσμαήλου

116 2605 171 2671 καὶ
186 2608 245 2673 τὸν
260 2609 424 2675 Γοδολίου
437 2607 588 2675 θάνατον
602 2591 843 2692 ηγανάκτησαν,
861 2607 916 2674 καὶ
933 2612 1012 2685 τοὺς
1028 2610 1136 2685 ι’δίους

117 2713 253 2791 ἕκαστος
270 2717 472 2802 παραλαβὼν
491 2716 626 2792 ὁπλίτας
645 2715 802 2801 ώρμησαν
819 2715 1063 2798 πολεμήσοντες
1076 2717 1136 2780 τὸν

114 2818 302 2905 Ἰσμαῆλον,
328 2819 384 2887 καὶ
406 2821 717 2906 καταλαμβάνουσιν
745 2821 847 2887 αὐτὸν
874 2822 958 2906 πρὸς
982 2830 1022 2906 τῇ
1047 2831 1134 2906 πηγῇ
1148 2836 1171 2878 2⁵

117 2925 154 2991 ἐν
173 2931 335 3011 Χεβρῶνι.
371 2927 481 3011 <174>
504 2929 538 2992 οί
560 2926 590 2991 δ’
612 2923 932 3011 αἰχμαλωτισθέντες
953 2925 1011 2991 ὑπ’
1030 2925 1136 3012 Ἰσμα-

116 3035 200 3114 ήλου
223 3035 282 3098 τὸν
296 3030 455 3115 Ἰωάννην
476 3034 604 3108 ίδόντες
626 3029 681 3096 καὶ
699 3035 778 3110 τοὺς
795 3032 959 3116 ἡγεμόνας
977 3032 1135 3117 εὐθύμως

118 3136 332 3220 διετέθησαν,
369 3137 531 3220 βοήθειαν
563 3137 676 3213 αὑτοῖς
707 3137 801 3220 ἥκειν
832 3138 1135 3222 ὑπολαμβάνοντες,

115 3241 171 3308 καὶ
193 3245 428 3319 καταλιπόντες
450 3244 509 3307 τὸν
532 3244 818 3326 αἰχμαλωτίσαντα
841 3246 924 3331 πρὸς
946 3247 1006 3311 τὸν
1025 3243 1134 3311 Ἰωάν-

116 3373 180 3432 νην
198 3348 419 3435 ἀνεχώρησαν.
455 3344 625 3432 Ἰσμαῆλος
643 3344 705 3433 μέν
724 3343 785 3414 οὖν
803 3347 872 3433 μετ’
894 3349 1029 3434 ἀνδρῶν
1049 3351 1133 3417 ὀκτὼ
1148 3370 1173 3408 ³0

188 3475 203 3534 ξ
219 3474 268 3522 169
285 3495 318 3514 =
332 3469 429 3524 Ierem.
444 3468 557 3523 XLVIII
575 3476 601 3524 l:

465 3738 560 3770 t‘*
