2400 3840
116 146 182 212 326
485 144 758 197 mmmmm

117 312 249 393 μαίνειν
276 310 374 391 ἔχωσι
401 315 447 393 τῷ
473 309 612 389 βασιλεῖ.
658 301 737 370 ὁδὶ
759 305 937 387 προφήτης
964 304 1136 387 ὑποτυχών
1177 383 1178 387 ¹

118 417 206 499 <33>
221 413 318 478 ’ἰσθί
337 416 441 497 φησίν
459 412 517 488 ’ὡς
529 408 600 495 μετ’
615 412 732 493 ὀλίγον
745 413 869 494 χρόνον
888 413 939 488 εἰς
952 411 1137 495 Βαβυλῶνά

118 540 180 588 σου
207 530 327 585 τοῦτον
353 522 661 603 μετατεθησόμενον
692 520 752 582 τὸν
781 523 946 601 πλοῦτον,
979 516 1039 582 καί
1069 521 1138 594 τοὺς

118 628 277 711 ἐκγόνους
299 622 668 710 εὐνουχισθησομένους
689 621 744 687 καί
767 621 998 700 ἀπολέσοντας
1024 626 1064 689 τὸ
1088 626 1137 688 άν-

119 736 202 818 δρας
224 728 310 798 εἶναι
328 741 374 820 τῷ
392 734 598 819 Βαβυλωνίῳ
617 730 839 805 δουλεύοντας
857 729 1018 812 βασιλεῑ·’
1043 739 1157 795 ταῦται

119 841 182 923 γὰρ
204 837 380 922 προλέγειν
401 840 462 903 τὸν
483 840 580 902 θεόν·
604 836 690 920 <34>
714 835 733 900 δ
756 833 788 899 δ’
808 832 953 912 Ἐζεκίας
975 834 1138 919 λυπηθεὶς

119 943 173 1010 ἐπὶ
195 955 265 1020 τοῖς
288 942 474 1027 εἰρημένοις
496 946 560 1027 ἔφη
584 938 646 1026 μὲν
668 941 730 1006 οὐκ
752 940 796 1006 διν
817 942 1008 1025 βούλεσθαι
1032 944 1138 1007 τοιαύ-

118 1075 190 1126 ταις
216 1058 406 1133 συμφοραῖς
437 1050 474 1114 τὸ
502 1051 605 1125 ἔθνος
635 1049 740 1113 αὐτοῦ
767 1059 972 1133 περιπεσεῖν,
1008 1047 1082 1114 ἐπεὶ
1108 1045 1135 1112 δ’

119 1155 180 1219 οὐκ
203 1149 290 1218 εἰναι
312 1155 459 1220 δυνατὸν
484 1155 525 1219 τὰ
552 1164 598 1243 τῷ
625 1161 695 1242 θεῷ
722 1151 906 1236 δεδογμένα
929 1159 1137 1239 μεταβαλεῖν,

118 1260 237 1344 ηὔχετο
260 1258 355 1347 μέχρι
377 1270 437 1345 τῆς
459 1258 580 1326 ἑαυτοῦ
604 1263 687 1344 ζωῆς
709 1260 844 1345 εἰρήνην
861 1259 1020 1344 ὑπάρξαι.
1061 1285 1135 1344 μνη-
1146 1279 1164 1318 ιι

119 1368 253 1451 μονεύει
285 1363 324 1431 δέ
355 1376 414 1433 τοῦ
445 1377 514 1432 τῶν
545 1368 772 1450 Βαβυλωνίων
806 1363 970 1450 βασιλέως
1002 1368 1137 1433 Βαλάδα

120 1476 309 1556 Βηρωσσός.
354 1474 442 1557 <35>
466 1473 514 1538 ὢν
537 1470 568 1537 δ’
595 1467 692 1549 οὗτος
714 1472 733 1537 δ
755 1473 926 1557 προφήτης
956 1472 1136 1556 ὁμολογου-

120 1576 227 1661 μένως
253 1584 349 1654 θεῖος
374 1577 430 1643 καί
457 1579 645 1663 θαυμάσιος
672 1578 734 1661 τῆν
760 1576 938 1660 ἀλήθειαν,
966 1582 1138 1656 πεποιθὼς

119 1691 165 1771 τῷ
188 1679 293 1767 μηδὲν
317 1683 401 1760 ὅλως
420 1681 543 1763 ψευδὲς
560 1687 675 1768 εἰπεῖν,
699 1681 823 1749 ἅπανθ’
846 1684 907 1748 ὅσα
925 1689 1136 1769 προυφῆτευ-

121 1805 179 1854 σευ
203 1787 369 1875 ἐγγράψας
391 1793 520 1875 βίβλοις
541 1789 725 1873 κατέλιπεν,
748 1789 784 1855 εἰι
802 1798 862 1855 τοῦ
880 1789 998 1868 τέλους
1017 1808 1165 1877 γυωρι-ιῡ

121 1900 313 1981 σθησόμευα
335 1906 414 1973 τοῖς.
427 1891 529 1972 αὖθις
551 1896 753 1981 ἀνθρώποις.
795 1893 850 1960 καὶ
873 1894 934 1979 οὐχ
958 1891 1061 1975 οὗτος
1084 1901 1138 1982 μά-

120 2025 180 2079 νος
202 2002 220 2067 ὁ
243 2002 429 2088 προφήτης,
457 2002 541 2069 ίιλλδι
563 1999 618 2067 ιιαί
640 2003 735 2067 ἄλλοι
758 2002 886 2066 δώδεκα
907 2001 967 2066 τὸν
992 2002 1139 2088 ἀριθμὸν

120 2108 220 2172 ταύτὸ
240 2094 411 2189 ἐποίησαν·
430 2108 486 2172 καὶ
499 2118 577 2192 πᾶν,
596 2106 655 2173 εἰτ’
672 2108 802 2191 άγαθὸυ
821 2113 885 2172 είτε
903 2113 1038 2190 φαῦλον
1052 2115 1139 2191 γίνε-

121 2235 174 2275 ται
192 2210 270 2296 παρ’
291 2212 381 2294 ῆμίν,
399 2215 482 2277 κατὰ
499 2215 561 2296 τῆν
580 2213 715 2279 ἐκείνων
729 2214 902 2298 ἀποβαίνει
921 2221 1139 2298 προφητείαν.

83 2312 102 2375 3
189 2315 272 2380 άλλδι
289 2318 418 2381 τούτων
431 2313 492 2399 μὲν
507 2313 608 2394 αὖθις
622 2317 861 2405 ἐξαγγελοῦμεν
874 2319 1027 2384 ἕκαστον·
1053 2324 1139 2406 <36>
1151 2336 1171 2377 2⁰

123 2420 271 2505 ἐπιβιοὺς
294 2419 324 2486 δ’
350 2420 391 2486 ὃν
413 2425 656 2508 προειρήκαμεν
683 2427 807 2510 χρόνον
834 2426 852 2491 ὁ
880 2429 1038 2509 βασιλεὺς
1057 2425 1139 2506 Ἐζε-

121 2531 209 2613 κίας,
236 2527 291 2594 καί
314 2529 422 2596 πάντα
449 2539 569 2597 τοῦτον
592 2529 629 2595 έν
652 2532 767 2616 εἰρήνη
791 2533 974 2615 διαγαγώυ,
1000 2540 1138 2621 τελευτᾷ

122 2640 345 2720 πεντηκοστὸν
367 2635 429 2725 μὲν
450 2637 506 2704 καί
524 2637 680 2725 τέταρτον
699 2641 770 2714 ἔτος
788 2648 846 2720 τῆς
865 2641 947 2722 ζωῆς
967 2639 1139 2724 διανύσας,

123 2749 226 2809 εἰκοσι
257 2742 294 2810 δὲ
322 2749 520 2830 βασιλεύσας
546 2744 601 2811 καί
629 2743 734 2810 ἐννέα.
779 2745 875 2828 <37>
903 2744 1139 2830 διαδεξάμενος

122 2846 160 2913 δὲ
182 2852 243 2933 τῆν
266 2854 438 2936 βασιλείαν
461 2853 479 2918 ὁ
502 2864 580 2929 παῖς
603 2852 706 2917 αὐτοῦ
728 2855 928 2933 Μανασσῆς,
957 2849 993 2916 ἐκ
1016 2855 1139 2938 μητρὸς
1151 2866 1173 2907 2⁵

120 2951 250 3040 ’Λχιβᾶς
272 2958 419 3039 τοῦνομα
441 2958 611 3034 πολίτιδος
634 2958 787 3041 γεγονώς,
811 2955 971 3042 ἀπέρρηξε
994 2954 1057 3042 μὲν
1082 2960 1139 3024 αὑ-

122 3063 182 3126 τὸν
204 3074 272 3127 τῶν
294 3071 353 3127 τοῦ
376 3065 500 3147 πατρὸς
523 3061 790 3147 ἐπιτηδευμάτων
816 3061 871 3128 καί
896 3064 958 3145 τῆν
981 3061 1139 3130 ἐναντίαν

124 3165 294 3253 ἐτράπετο,
330 3176 397 3232 πᾶν
430 3163 517 3242 εἰδος
549 3172 710 3251 πονηρίας
746 3167 991 3251 ἐπιδειξάμενος
1024 3169 1061 3234 ἐν
1094 3180 1139 3258 τῷ

121 3276 232 3362 τρόπω
255 3271 310 3338 καὶ
334 3269 439 3358 μηδὲν
461 3269 577 3357 ἀσεβὲς
599 3277 805 3359 παραλιπών,
828 3275 911 3340 άλλδι
934 3277 1139 3360 μιμούμενος

120 3379 180 3454 τὰς
212 3391 279 3445 τῶν
308 3377 518 3464 Ἰσραηλιτῶν
549 3384 770 3465 παρανομίας,
802 3371 854 3456 αἷς
887 3382 934 3458 εἰς
965 3383 1025 3447 τὸν
1054 3384 1176 3447 θεὸν30

193 3503 256 3564 §3³
330 3501 422 3555 43⁹⁶
444 3500 493 3536 Π
513 3499 874 3570 1⁷32Paral.xxxl12ss.
