2400 3840
40 117 41 121 ¹
119 125 185 189 258
419 124 695 178 ΑΡΧΔΙΟΔΟΓΙΔΣ
713 123 889 176 ΟΓΔΟΗ

54 287 333 370 ,ὀδυνώμενος
364 282 396 349 δ’
426 287 502 368 ἔστη
533 281 587 350 ἐπὶ
614 292 675 349 τοῦ
702 284 901 369 άρματος”
879 307 963 369 αχρι
993 287 1144 361 δύνοντος

119 391 234 475 ἡλίου,
257 390 312 457 καὶ
336 393 540 476 λιφαιμήσας
562 390 722 456 ἀπέθανε.
1189 436 1191 441 «

84 519 101 566 ο
167 499 277 580 <416>
295 495 351 562 καλ
369 498 407 562 τὸ
426 493 488 580 μέν
506 507 574 561 τών
593 497 719 580 Σύρων
737 494 931 580 στράτευμα
949 501 1077 575 νυκτὸς
1092 499 1191 580 ήδη
1189 510 1191 560 λ

120 602 302 688 γενομένης
320 602 580 687 άνεχώρησενί
548 625 564 666 ε
579 626 596 679 ς
614 602 676 685 τήν
689 603 919 687 παρεμβολήν,
938 604 1148 687 δηλώσαντος
1190 608 1191 677 λ

121 707 238 775 δέτοῦ
257 710 522 794 στρατοκήρυκος
541 708 592 774 ότι
609 706 774 792 τέθνηκεν
788 707 994 794 Ἅχαβος,’
974 715 1059 789 ανεζ
1034 710 1165 789 ’ζευξανε

122 819 170 894 είς
187 818 228 881 τὰ
247 816 326 880 ίδια.
362 818 558 899 κομίσαντες
576 810 613 879 δὲ
631 816 693 880 τὸν
712 811 854 899 Ἀχάβου
873 817 1005 900 νεκρὸν
1025 820 1075 894 είς
1088 822 1148 881 Σα-

122 923 262 1008 μάρειαν
289 920 358 985 ἐκεῖ
383 921 566 1005 θάπτουσι,
593 921 705 1005 <417>
731 917 787 985 καὶ
814 921 852 986 τὸ
881 922 977 1006 ἅρμα
1006 924 1147 989 ἀποπλύ-

122 1051 239 1103 ναντες
257 1025 294 1091 έν
312 1035 352 1111 τῇ
368 1023 474 1114 Ἰζάρᾳ
490 1029 598 1113 κρήνη
616 1021 674 1114 (ήν
693 1024 731 1092 δὲ
747 1027 1022 1112 καθῃμαγμένον
1036 1041 1084 1118 τῷ
1096 1037 1148 1095 τοῦ

121 1131 283 1218 βασιλέως
306 1130 415 1221 φόνφ)
440 1133 550 1217 ἀληθῆ
573 1134 636 1217 τήν
656 1130 754 1199 Ἠλία
774 1138 990 1219 προφητείαν
1011 1135 1147 1219 ἐπέγνω

122 1257 197 1306 σαν·
232 1241 267 1306 οί
288 1236 349 1326 μὲν
372 1241 436 1324 γάρ
458 1242 557 1317 κύνες
579 1239 841 1325 ἀνελιχμήσαντο
864 1239 974 1307 αὐτοῦ
998 1244 1041 1308 τὸ
1066 1235 1147 1326 αἷμα,
1157 1260 1174 1300 1⁰

123 1350 159 1412 αί
185 1346 215 1412 δ’
243 1345 482 1434 ἑταιριζόμεναι
506 1344 542 1411 ἐν
565 1355 604 1431 τῇ
626 1348 733 1433 κρήνη
760 1349 798 1413 τὸ
821 1349 944 1413 λοιπὸν
968 1353 1147 1434 λουόμεναι

122 1455 229 1540 τούτῳ
258 1451 438 1518 διετέλουν.
483 1451 634 1518 ἀπέθανε
653 1449 692 1516 δ’
720 1451 759 1517 έν
781 1450 990 1538 Ῥαμαθῶνι,
1019 1459 1147 1541 Μιχαία

123 1566 221 1622 τοῦτο
240 1560 484 1642 προειρηκότος.
517 1558 626 1641 <418>
645 1557 845 1641 συμβάντων
857 1553 920 1623 οὖν
937 1556 1073 1652 Ἀχάβφ
1086 1573 1147 1627 τών

123 1662 187 1727 ὑπὸ
210 1672 279 1727 τών
302 1663 363 1727 δύο
387 1674 570 1748 προφητῶν
591 1661 787 1747 εἰρημένων,
810 1663 893 1748 μέγα
916 1667 975 1730 δεῖ
993 1669 1034 1733 τὸ
1054 1676 1147 1734 θεῖον

123 1769 280 1853 ήγεῖσθαι
302 1768 357 1835 καὶ
380 1779 480 1854 τιμᾶν
501 1769 582 1856 αὐτὸ
603 1779 773 1853 πανταχοῦ
792 1767 847 1834 καὶ
866 1769 992 1855 σέβειν,
1015 1773 1075 1839 καί
1095 1784 1173 1858 τήςό

124 1876 284 1960 ἀληθείας
307 1878 350 1962 μή
369 1878 410 1941 τὰ
427 1877 511 1961 πρὸς
527 1874 655 1958 ἡδονήν
673 1872 728 1940 καὶ
747 1877 910 1959 βούλησιν
927 1883 1146 1966 πιθανώτερα

125 1984 252 2067 δοκεῖν,
279 1983 528 2066 ὑπολαμβάνειν
556 1978 586 2045 δ’
614 1981 664 2046 ότι
690 1984 894 2066 προφητείας
920 1980 978 2047 καί
1007 1995 1071 2070 τής
1096 1988 1147 2051 διδ

124 2100 190 2153 τῶν
218 2091 379 2154 τοιούτων
406 2090 626 2174 προγνώσεως
653 2087 754 2153 οὐδέν
779 2088 848 2153 ἐστι
872 2093 1147 2179 συμφορώτερον,

123 2192 325 2276 παρέχοντος
349 2194 435 2257 οὕτω
458 2203 518 2257 τοῦ
541 2200 625 2258 θεοῦ
648 2196 683 2258 τί
704 2194 757 2258 δεῖ
774 2192 999 2277 φυλάξασθαι.
1039 2200 1147 2284 <419>

125 2298 318 2376 λογίζεσθαί
338 2319 373 2360 τε
395 2297 497 2360 πάλιν
520 2297 555 2361 ἐκ
578 2309 646 2362 τῶν
668 2297 745 2384 περὶ
767 2301 828 2364 τὸν
851 2300 990 2383 βασιλέα
1012 2321 1176 2389 γεγενη-ιι

124 2400 234 2487 μένων
266 2400 528 2486 στοχαζομένους
552 2412 696 2488 προσῆκε
723 2406 786 2488 τήν
813 2415 873 2471 τοῦ
900 2408 1011 2492 χρεὼν
1041 2413 1147 2495 ίσχύν,

125 2509 175 2574 ότι
199 2506 282 2593 μηδὲ
304 2512 617 2598 προγινωσκόμενον
641 2512 721 2577 αὐτὸ
745 2512 925 2596 διαφυγεῖν
943 2517 1049 2600 ἔστιν,
1072 2515 1144 2584 ἀλλ’

124 2614 300 2703 ὑπέρχεται
337 2620 395 2697 τὰς
431 2619 648 2705 ἀνθρωπίνας
678 2619 787 2702 ψυχὰς
818 2618 927 2683 έλπίσι
960 2628 1146 2690 κολακεῦον

125 2738 296 2810 χρησταῖς,
323 2718 377 2803 αἷς
404 2729 452 2803 είς
478 2728 516 2791 τὸ
543 2729 651 2792 πόθεν
673 2724 785 2790 αὐτῶν
806 2727 962 2810 κρατήσει
985 2732 1146 2814 περιάγει.

125 2831 235 2914 <420>
258 2836 411 2914 φαίνεται
435 2828 497 2897 οὖν
519 2831 574 2898 καλ
589 2832 732 2917 ’Ἄχαβος
753 2832 818 2898 ὑπὸ
842 2833 963 2897 τούτου
987 2835 1051 2917 τήν
1075 2837 1177 2902 διά-θ

125 2959 222 3000 νοιαν
245 2935 438 3021 ἀπατηθείς,
463 2936 539 3003 ὥστ’
566 2939 743 3020 άπιστήσαι
766 2935 827 3023 μὲν
849 2950 920 3016 τοῖς
941 2940 1145 3025 προλέγουσι

125 3042 186 3124 τήν
200 3036 312 3124 ήτταν,
331 3054 401 3118 τοῖς
415 3039 452 3107 δὲ
466 3044 506 3107 τὰ
519 3045 602 3128 πρὸς
615 3043 714 3129 χάριν
727 3047 977 3131 προφητεύσασι
991 3048 1145 3127 πεισθεὶς

125 3147 320 3213 ἀποθανεῖν.
356 3157 476 3213 τοῦτον
499 3144 561 3231 μὲν
584 3143 645 3213 οὖν
668 3149 783 3227 όπαῖς
802 3148 946 3235 Ὀχοζίας
965 3153 1144 3233 διεδέξατο.

197 3274 278 3334 ςιιε
300 3295 333 3314 =
353 3269 452 3339 ³Reg.
471 3269 548 3324 XXII
563 3274 605 3324 εο.

527 3450 738 3460 ——-—-
