<?xml version="1.0" encoding="UTF-8"?>
<!DOCTYPE html PUBLIC "-//W3C//DTD XHTML 1.0 Transitional//EN"
    "http://www.w3.org/TR/xhtml1/DTD/xhtml1-transitional.dtd">
<html xmlns="http://www.w3.org/1999/xhtml" xml:lang="en" lang="en">
 <head>
  <title>
</title>
<meta http-equiv="Content-Type" content="text/html;charset=utf-8" />
  <meta name='ocr-system' content='tesseract 3.04.00' />
  <meta name='ocr-capabilities' content='ocr_page ocr_carea ocr_par ocr_line ocrx_word'/>
</head>
<body>
  <div class='ocr_page' id='page_1' title='image "./operaomniaposti03nabegoog_0088.png"; bbox 0 0 2400 3840; ppageno 0'>
   <div class='ocr_carea' id='block_1_1' title="bbox 119 135 760 204">
    <p class='ocr_par' dir='ltr' id='par_1_1' title="bbox 119 135 760 204">
     <span class='ocr_line' id='line_1_1' title="bbox 119 135 760 204; baseline -0.009 -13"><span class='ocrx_word' id='word_1_1' title='bbox 119 139 162 204; x_wconf 84' lang='grc'><strong><em>36</em></strong></span> <span class='ocrx_word' id='word_1_2' title='bbox 484 135 760 189; x_wconf 82' lang='grc' dir='ltr'>ΑΡΧΔΙΟΔΟΓΙΑΣ</span> 
     </span>
    </p>
   </div>
   <div class='ocr_carea' id='block_1_2' title="bbox 117 293 1179 3566">
    <p class='ocr_par' dir='ltr' id='par_1_2' title="bbox 117 293 1179 3566">
     <span class='ocr_line' id='line_1_2' title="bbox 117 293 1137 384; baseline -0.009 -18"><span class='ocrx_word' id='word_1_3' title='bbox 117 303 154 366; x_wconf 89' lang='grc' dir='ltr'><strong><em>τὸ</em></strong></span> <span class='ocrx_word' id='word_1_4' title='bbox 183 310 241 384; x_wconf 78' lang='grc' dir='ltr'><strong><em>τῆς</em></strong></span> <span class='ocrx_word' id='word_1_5' title='bbox 267 310 376 384; x_wconf 78' lang='grc' dir='ltr'><strong><em>ψυχῆς</em></strong></span> <span class='ocrx_word' id='word_1_6' title='bbox 405 302 597 364; x_wconf 80' lang='grc' dir='ltr'><strong><em>συνίσταται</em></strong></span> <span class='ocrx_word' id='word_1_7' title='bbox 629 298 763 380; x_wconf 89' lang='grc' dir='ltr'><strong><em>κάλλος,</em></strong></span> <span class='ocrx_word' id='word_1_8' title='bbox 790 293 1137 377; x_wconf 82' lang='grc' dir='ltr'><strong><em>κατακεκοσμημένος.’</em></strong></span> 
     </span>
     <span class='ocr_line' id='line_1_3' title="bbox 117 399 1138 491; baseline -0.009 -19"><span class='ocrx_word' id='word_1_9' title='bbox 117 408 226 490; x_wconf 85' lang='grc'>&lt;161&gt;</span> <span class='ocrx_word' id='word_1_10' title='bbox 250 415 353 471; x_wconf 88' lang='grc' dir='ltr'><strong><em>ταῦτα</em></strong></span> <span class='ocrx_word' id='word_1_11' title='bbox 381 406 570 491; x_wconf 77' lang='grc' dir='ltr'><strong><em>φράσαντος</em></strong></span> <span class='ocrx_word' id='word_1_12' title='bbox 596 413 657 469; x_wconf 86' lang='grc' dir='ltr'><strong><em>τοῦ</em></strong></span> <span class='ocrx_word' id='word_1_13' title='bbox 684 409 784 485; x_wconf 88' lang='grc' dir='ltr'><strong><em>θεοῦ,</em></strong></span> <span class='ocrx_word' id='word_1_14' title='bbox 811 402 937 477; x_wconf 88' lang='grc' dir='ltr'><strong><em>πάντας</em></strong></span> <span class='ocrx_word' id='word_1_15' title='bbox 965 399 1138 464; x_wconf 79' lang='grc' dir='ltr'><strong><em>ἐκέλευσεν</em></strong></span> 
     </span>
     <span class='ocr_line' id='line_1_4' title="bbox 118 507 1136 601; baseline -0.008 -24"><span class='ocrx_word' id='word_1_16' title='bbox 118 513 206 601; x_wconf 71' lang='grc' dir='ltr'><strong><em>αύτῷ</em></strong></span> <span class='ocrx_word' id='word_1_17' title='bbox 234 513 295 577; x_wconf 88' lang='grc' dir='ltr'><strong><em>τὸν</em></strong></span> <span class='ocrx_word' id='word_1_18' title='bbox 320 510 479 577; x_wconf 78' lang='grc' dir='ltr'><strong><em>Ἰεσσαῖον</em></strong></span> <span class='ocrx_word' id='word_1_19' title='bbox 506 512 584 587; x_wconf 87' lang='grc' dir='ltr'><strong><em>τοὺς</em></strong></span> <span class='ocrx_word' id='word_1_20' title='bbox 614 511 708 586; x_wconf 76' lang='grc' dir='ltr'><strong><em>υἱοὺς</em></strong></span> <span class='ocrx_word' id='word_1_21' title='bbox 740 507 899 585; x_wconf 76' lang='grc' dir='ltr'><strong><em>ἐπιδεῖξαι</em></strong></span> <span class='ocrx_word' id='word_1_22' title='bbox 928 507 1136 589; x_wconf 88' lang='grc' dir='ltr'><strong><em>Σαμούηλος.</em></strong></span> 
     </span>
     <span class='ocr_line' id='line_1_5' title="bbox 118 610 1137 700; baseline -0.007 -17"><span class='ocrx_word' id='word_1_23' title='bbox 118 618 136 684; x_wconf 89' lang='lat'>6</span> <span class='ocrx_word' id='word_1_24' title='bbox 160 615 198 683; x_wconf 73' lang='grc' dir='ltr'><strong><em>δὲ</em></strong></span> <span class='ocrx_word' id='word_1_25' title='bbox 220 616 312 683; x_wconf 84' lang='grc' dir='ltr'><strong><em>πέντ’</em></strong></span> <span class='ocrx_word' id='word_1_26' title='bbox 333 620 456 694; x_wconf 80' lang='grc' dir='ltr'><strong><em>ἄλλους</em></strong></span> <span class='ocrx_word' id='word_1_27' title='bbox 480 616 634 700; x_wconf 82' lang='grc' dir='ltr'><strong><em>ἐποίησεν</em></strong></span> <span class='ocrx_word' id='word_1_28' title='bbox 657 614 781 698; x_wconf 80' lang='grc' dir='ltr'><strong><em>ἐλθεῖν,</em></strong></span> <span class='ocrx_word' id='word_1_29' title='bbox 805 610 853 679; x_wconf 84' lang='grc' dir='ltr'><strong><em>ὧν</em></strong></span> <span class='ocrx_word' id='word_1_30' title='bbox 877 613 894 679; x_wconf 99' lang='lat'>6</span> <span class='ocrx_word' id='word_1_31' title='bbox 914 610 975 697; x_wconf 72' lang='grc' dir='ltr'><strong><em>μὲν</em></strong></span> <span class='ocrx_word' id='word_1_32' title='bbox 993 614 1137 696; x_wconf 90' lang='grc' dir='ltr'><strong><em>πρεσβύ-</em></strong></span> 
     </span>
     <span class='ocr_line' id='line_1_6' title="bbox 117 719 1163 811; baseline -0.009 -20"><span class='ocrx_word' id='word_1_33' title='bbox 117 748 213 811; x_wconf 88' lang='grc' dir='ltr'><strong><em>τερος</em></strong></span> <span class='ocrx_word' id='word_1_34' title='bbox 240 723 406 808; x_wconf 80' lang='grc' dir='ltr'><strong><em>Ἐλίαβος,</em></strong></span> <span class='ocrx_word' id='word_1_35' title='bbox 437 724 454 789; x_wconf 93' lang='lat'>6</span> <span class='ocrx_word' id='word_1_36' title='bbox 485 724 640 808; x_wconf 87' lang='grc' dir='ltr'><strong><em>δεύτερος</em></strong></span> <span class='ocrx_word' id='word_1_37' title='bbox 665 720 900 807; x_wconf 73' lang='grc' dir='ltr'><strong><em>Ἀμινάδαβος,</em></strong></span> <span class='ocrx_word' id='word_1_38' title='bbox 933 720 1091 803; x_wconf 81' lang='grc' dir='ltr'><strong><em>Σάμαλος</em></strong></span> <span class='ocrx_word' id='word_1_39' title='bbox 1119 719 1163 783; x_wconf 74' lang='lat'><strong><em>65</em></strong></span> 
     </span>
     <span class='ocr_line' id='line_1_7' title="bbox 117 824 1138 916; baseline -0.008 -20"><span class='ocrx_word' id='word_1_40' title='bbox 117 835 238 916; x_wconf 83' lang='grc' dir='ltr'><strong><em>τρίτος,</em></strong></span> <span class='ocrx_word' id='word_1_41' title='bbox 262 831 280 896; x_wconf 94' lang='lat'>6</span> <span class='ocrx_word' id='word_1_42' title='bbox 298 829 453 914; x_wconf 89' lang='grc' dir='ltr'><strong><em>τέταρτος</em></strong></span> <span class='ocrx_word' id='word_1_43' title='bbox 474 829 710 911; x_wconf 89' lang='grc' dir='ltr'><strong><em>Ναθανάηλος,</em></strong></span> <span class='ocrx_word' id='word_1_44' title='bbox 732 826 787 892; x_wconf 81' lang='grc' dir='ltr'><strong><em>καὶ</em></strong></span> <span class='ocrx_word' id='word_1_45' title='bbox 802 825 934 909; x_wconf 80' lang='grc' dir='ltr'><strong><em>Ῥάηλος</em></strong></span> <span class='ocrx_word' id='word_1_46' title='bbox 955 826 972 890; x_wconf 92' lang='lat'>6</span> <span class='ocrx_word' id='word_1_47' title='bbox 991 824 1138 908; x_wconf 92' lang='grc' dir='ltr'><strong><em>πέμπτος</em></strong></span> 
     </span>
     <span class='ocr_line' id='line_1_8' title="bbox 120 930 1137 1020; baseline -0.008 -18"><span class='ocrx_word' id='word_1_48' title='bbox 120 936 277 1018; x_wconf 82' lang='grc' dir='ltr'><strong><em>ἐκαλεῖτο,</em></strong></span> <span class='ocrx_word' id='word_1_49' title='bbox 300 936 318 1002; x_wconf 94' lang='lat'>6</span> <span class='ocrx_word' id='word_1_50' title='bbox 339 934 369 1000; x_wconf 85' lang='lat'><strong><em>6’</em></strong></span> <span class='ocrx_word' id='word_1_51' title='bbox 391 936 484 1013; x_wconf 79' lang='grc' dir='ltr'><strong><em>ἕκτος</em></strong></span> <span class='ocrx_word' id='word_1_52' title='bbox 498 934 652 1020; x_wconf 79' lang='grc' dir='ltr'><strong><em>’Ἁσαμος</em></strong></span> <span class='ocrx_word' id='word_1_53' title='bbox 699 936 808 1017; x_wconf 83' lang='grc'>&lt;162&gt;</span> <span class='ocrx_word' id='word_1_54' title='bbox 828 935 910 998; x_wconf 82' lang='grc' dir='ltr'><strong><em>ἰδὼν</em></strong></span> <span class='ocrx_word' id='word_1_55' title='bbox 932 930 968 997; x_wconf 74' lang='grc' dir='ltr'><strong><em>δὲ</em></strong></span> <span class='ocrx_word' id='word_1_56' title='bbox 987 930 1041 996; x_wconf 85' lang='grc' dir='ltr'><strong><em>καὶ</em></strong></span> <span class='ocrx_word' id='word_1_57' title='bbox 1061 933 1137 995; x_wconf 93' lang='grc' dir='ltr'><strong><em>τού-</em></strong></span> 
     </span>
     <span class='ocr_line' id='line_1_9' title="bbox 118 1037 1138 1127; baseline -0.007 -19"><span class='ocrx_word' id='word_1_58' title='bbox 118 1066 198 1118; x_wconf 87' lang='grc' dir='ltr'><strong><em>τους</em></strong></span> <span class='ocrx_word' id='word_1_59' title='bbox 221 1042 238 1107; x_wconf 93' lang='lat'>6</span> <span class='ocrx_word' id='word_1_60' title='bbox 261 1043 434 1127; x_wconf 76' lang='grc' dir='ltr'><strong><em>προφήτης</em></strong></span> <span class='ocrx_word' id='word_1_61' title='bbox 456 1037 561 1125; x_wconf 76' lang='grc' dir='ltr'><strong><em>μηδδν</em></strong></span> <span class='ocrx_word' id='word_1_62' title='bbox 583 1045 716 1126; x_wconf 82' lang='grc' dir='ltr'><strong><em>χείρους</em></strong></span> <span class='ocrx_word' id='word_1_63' title='bbox 737 1049 797 1106; x_wconf 88' lang='grc' dir='ltr'><strong><em>τοῦ</em></strong></span> <span class='ocrx_word' id='word_1_64' title='bbox 816 1038 1042 1125; x_wconf 82' lang='grc' dir='ltr'><strong><em>πρεσβυτέρου</em></strong></span> <span class='ocrx_word' id='word_1_65' title='bbox 1065 1050 1138 1113; x_wconf 84' lang='grc' dir='ltr'><strong><em>ταῖς</em></strong></span> 
     </span>
     <span class='ocr_line' id='line_1_10' title="bbox 120 1147 1137 1234; baseline -0.005 -22"><span class='ocrx_word' id='word_1_66' title='bbox 120 1159 279 1233; x_wconf 81' lang='grc' dir='ltr'><strong><em>μορφαῖς,</em></strong></span> <span class='ocrx_word' id='word_1_67' title='bbox 313 1147 501 1234; x_wconf 82' lang='grc' dir='ltr'><strong><em>ἐπηρώτησε</em></strong></span> <span class='ocrx_word' id='word_1_68' title='bbox 532 1149 593 1212; x_wconf 90' lang='grc' dir='ltr'><strong><em>τὸν</em></strong></span> <span class='ocrx_word' id='word_1_69' title='bbox 624 1149 709 1213; x_wconf 88' lang='grc' dir='ltr'><strong><em>θεὸν</em></strong></span> <span class='ocrx_word' id='word_1_70' title='bbox 739 1151 815 1213; x_wconf 88' lang='grc' dir='ltr'><strong><em>τίνα</em></strong></span> <span class='ocrx_word' id='word_1_71' title='bbox 842 1147 970 1211; x_wconf 90' lang='grc' dir='ltr'><strong><em>τούτων</em></strong></span> <span class='ocrx_word' id='word_1_72' title='bbox 996 1147 1137 1229; x_wconf 81' lang='grc' dir='ltr'><strong><em>αἱρεῖται</em></strong></span> 
     </span>
     <span class='ocr_line' id='line_1_11' title="bbox 119 1249 1178 1338; baseline -0.007 -18"><span class='ocrx_word' id='word_1_73' title='bbox 119 1253 266 1338; x_wconf 89' lang='grc' dir='ltr'><strong><em>βασιλέα.</em></strong></span> <span class='ocrx_word' id='word_1_74' title='bbox 303 1257 455 1332; x_wconf 79' lang='grc' dir='ltr'><strong><em>εἰπόντος</em></strong></span> <span class='ocrx_word' id='word_1_75' title='bbox 473 1252 504 1318; x_wconf 90' lang='grc' dir='ltr'><strong><em>δ’</em></strong></span> <span class='ocrx_word' id='word_1_76' title='bbox 520 1253 654 1338; x_wconf 80' lang='grc' dir='ltr'><strong><em>οὐδένα,</em></strong></span> <span class='ocrx_word' id='word_1_77' title='bbox 671 1253 879 1319; x_wconf 88' lang='grc' dir='ltr'><strong><em>πυνθάνεται</em></strong></span> <span class='ocrx_word' id='word_1_78' title='bbox 901 1261 961 1316; x_wconf 87' lang='grc' dir='ltr'><strong><em>τοῦ</em></strong></span> <span class='ocrx_word' id='word_1_79' title='bbox 977 1249 1137 1315; x_wconf 86' lang='grc' dir='ltr'><strong><em>Ἰεσσαίου</em></strong></span> <span class='ocrx_word' id='word_1_80' title='bbox 1152 1265 1178 1303; x_wconf 84' lang='lat'><strong><em>1⁰</em></strong></span> 
     </span>
     <span class='ocr_line' id='line_1_12' title="bbox 120 1357 1136 1449; baseline -0.005 -23"><span class='ocrx_word' id='word_1_81' title='bbox 120 1361 164 1444; x_wconf 82' lang='grc' dir='ltr'><strong><em>μη</em></strong></span> <span class='ocrx_word' id='word_1_82' title='bbox 187 1363 271 1447; x_wconf 88' lang='grc' dir='ltr'><strong><em>πρὸς</em></strong></span> <span class='ocrx_word' id='word_1_83' title='bbox 293 1363 424 1438; x_wconf 84' lang='grc' dir='ltr'><strong><em>τούτοις</em></strong></span> <span class='ocrx_word' id='word_1_84' title='bbox 451 1361 540 1449; x_wconf 77' lang='grc' dir='ltr'><strong><em>αύτῷ</em></strong></span> <span class='ocrx_word' id='word_1_85' title='bbox 567 1358 622 1425; x_wconf 83' lang='grc' dir='ltr'><strong><em>καὶ</em></strong></span> <span class='ocrx_word' id='word_1_86' title='bbox 650 1362 745 1426; x_wconf 87' lang='grc' dir='ltr'><strong><em>άλλοι</em></strong></span> <span class='ocrx_word' id='word_1_87' title='bbox 768 1361 884 1435; x_wconf 87' lang='grc' dir='ltr'><strong><em>παῖδες</em></strong></span> <span class='ocrx_word' id='word_1_88' title='bbox 908 1361 980 1423; x_wconf 87' lang='grc' dir='ltr'><strong><em>είσί.</em></strong></span> <span class='ocrx_word' id='word_1_89' title='bbox 1027 1357 1136 1438; x_wconf 83' lang='grc'>&lt;163&gt;</span> 
     </span>
     <span class='ocr_line' id='line_1_13' title="bbox 121 1459 1138 1551; baseline -0.005 -20"><span class='ocrx_word' id='word_1_90' title='bbox 121 1469 290 1551; x_wconf 79' lang='grc' dir='ltr'><strong><em>φήσαντος</em></strong></span> <span class='ocrx_word' id='word_1_91' title='bbox 322 1465 353 1530; x_wconf 92' lang='grc' dir='ltr'><strong><em>δ’</em></strong></span> <span class='ocrx_word' id='word_1_92' title='bbox 384 1463 469 1533; x_wconf 81' lang='grc' dir='ltr'><strong><em>εἶναι</em></strong></span> <span class='ocrx_word' id='word_1_93' title='bbox 496 1468 652 1549; x_wconf 79' lang='grc' dir='ltr'><strong><em>Δαυίδην</em></strong></span> <span class='ocrx_word' id='word_1_94' title='bbox 683 1467 845 1549; x_wconf 77' lang='grc' dir='ltr'><strong><em>τοῦνομα,</em></strong></span> <span class='ocrx_word' id='word_1_95' title='bbox 877 1468 1069 1548; x_wconf 89' lang='grc' dir='ltr'><strong><em>ποιμαίνειν</em></strong></span> <span class='ocrx_word' id='word_1_96' title='bbox 1101 1459 1138 1527; x_wconf 73' lang='grc' dir='ltr'><strong><em>δὲ</em></strong></span> 
     </span>
     <span class='ocr_line' id='line_1_14' title="bbox 120 1570 1138 1657; baseline -0.006 -19"><span class='ocrx_word' id='word_1_97' title='bbox 120 1570 176 1638; x_wconf 85' lang='grc' dir='ltr'><strong><em>καὶ</em></strong></span> <span class='ocrx_word' id='word_1_98' title='bbox 194 1581 253 1656; x_wconf 77' lang='grc' dir='ltr'><strong><em>τῆς</em></strong></span> <span class='ocrx_word' id='word_1_99' title='bbox 269 1583 337 1637; x_wconf 83' lang='grc' dir='ltr'><strong><em>τῶν</em></strong></span> <span class='ocrx_word' id='word_1_100' title='bbox 356 1573 572 1657; x_wconf 85' lang='grc' dir='ltr'><strong><em>βοσκημάτων</em></strong></span> <span class='ocrx_word' id='word_1_101' title='bbox 586 1576 737 1655; x_wconf 77' lang='grc' dir='ltr'><strong><em>φυλακῆς</em></strong></span> <span class='ocrx_word' id='word_1_102' title='bbox 756 1570 993 1655; x_wconf 81' lang='grc' dir='ltr'><strong><em>ἐπιμελεῖσθαι,</em></strong></span> <span class='ocrx_word' id='word_1_103' title='bbox 1011 1570 1138 1633; x_wconf 84' lang='grc' dir='ltr'><strong><em>κελεύει</em></strong></span> 
     </span>
     <span class='ocr_line' id='line_1_15' title="bbox 121 1676 1138 1762; baseline -0.005 -18"><span class='ocrx_word' id='word_1_104' title='bbox 121 1685 237 1745; x_wconf 89' lang='grc' dir='ltr'><strong><em>καλεῖν</em></strong></span> <span class='ocrx_word' id='word_1_105' title='bbox 268 1679 372 1744; x_wconf 84' lang='grc' dir='ltr'><strong><em>αὐτὸν</em></strong></span> <span class='ocrx_word' id='word_1_106' title='bbox 404 1677 441 1743; x_wconf 79' lang='grc' dir='ltr'><strong><em>έν</em></strong></span> <span class='ocrx_word' id='word_1_107' title='bbox 472 1679 576 1762; x_wconf 87' lang='grc' dir='ltr'><strong><em>τάχει·</em></strong></span> <span class='ocrx_word' id='word_1_108' title='bbox 615 1683 858 1760; x_wconf 76' lang='grc' dir='ltr'><strong><em>κατακλιθῆναι</em></strong></span> <span class='ocrx_word' id='word_1_109' title='bbox 893 1678 957 1761; x_wconf 86' lang='grc' dir='ltr'><strong><em>γὰρ</em></strong></span> <span class='ocrx_word' id='word_1_110' title='bbox 994 1679 1041 1751; x_wconf 87' lang='grc' dir='ltr'><strong><em>είς</em></strong></span> <span class='ocrx_word' id='word_1_111' title='bbox 1077 1676 1138 1757; x_wconf 84' lang='grc' dir='ltr'><strong><em>την</em></strong></span> 
     </span>
     <span class='ocr_line' id='line_1_16' title="bbox 122 1780 1178 1871; baseline -0.007 -20"><span class='ocrx_word' id='word_1_112' title='bbox 122 1786 265 1871; x_wconf 83' lang='grc' dir='ltr'><strong><em>εὐωχίαν</em></strong></span> <span class='ocrx_word' id='word_1_113' title='bbox 283 1785 345 1851; x_wconf 83' lang='grc' dir='ltr'><strong><em>οὐκ</em></strong></span> <span class='ocrx_word' id='word_1_114' title='bbox 363 1780 449 1851; x_wconf 75' lang='grc' dir='ltr'><strong><em>εἶναι</em></strong></span> <span class='ocrx_word' id='word_1_115' title='bbox 468 1785 613 1850; x_wconf 86' lang='grc' dir='ltr'><strong><em>δυνατὸν</em></strong></span> <span class='ocrx_word' id='word_1_116' title='bbox 627 1785 740 1861; x_wconf 85' lang='grc' dir='ltr'><strong><em>αὐτοῖς</em></strong></span> <span class='ocrx_word' id='word_1_117' title='bbox 759 1783 888 1849; x_wconf 83' lang='grc' dir='ltr'><strong><em>ἐκείνου</em></strong></span> <span class='ocrx_word' id='word_1_118' title='bbox 902 1783 945 1867; x_wconf 80' lang='grc' dir='ltr'><strong><em>μη</em></strong></span> <span class='ocrx_word' id='word_1_119' title='bbox 964 1785 1138 1867; x_wconf 88' lang='grc' dir='ltr'><strong><em>παρόντος.</em></strong></span> <span class='ocrx_word' id='word_1_120' title='bbox 1154 1795 1178 1834; x_wconf 83' lang='lat'><strong><em>1⁵</em></strong></span> 
     </span>
     <span class='ocr_line' id='line_1_17' title="bbox 120 1886 1138 1978; baseline -0.008 -19"><span class='ocrx_word' id='word_1_121' title='bbox 120 1894 230 1978; x_wconf 71' lang='lat'>(164)</span> <span class='ocrx_word' id='word_1_122' title='bbox 255 1894 300 1970; x_wconf 75' lang='grc' dir='ltr'><strong><em>ὡς</em></strong></span> <span class='ocrx_word' id='word_1_123' title='bbox 328 1890 358 1957; x_wconf 88' lang='grc' dir='ltr'><strong><em>δ’</em></strong></span> <span class='ocrx_word' id='word_1_124' title='bbox 383 1886 464 1976; x_wconf 81' lang='grc' dir='ltr'><strong><em>ἧκεν</em></strong></span> <span class='ocrx_word' id='word_1_125' title='bbox 491 1892 509 1958; x_wconf 94' lang='lat'>6</span> <span class='ocrx_word' id='word_1_126' title='bbox 532 1892 685 1974; x_wconf 84' lang='grc' dir='ltr'><strong><em>Δαυίδης</em></strong></span> <span class='ocrx_word' id='word_1_127' title='bbox 714 1887 962 1975; x_wconf 83' lang='grc' dir='ltr'><strong><em>μεταπεμφθεὶς</em></strong></span> <span class='ocrx_word' id='word_1_128' title='bbox 989 1889 1054 1953; x_wconf 90' lang='grc' dir='ltr'><strong><em>ὑπὸ</em></strong></span> <span class='ocrx_word' id='word_1_129' title='bbox 1078 1897 1138 1952; x_wconf 85' lang='grc' dir='ltr'><strong><em>τοῦ</em></strong></span> 
     </span>
     <span class='ocr_line' id='line_1_18' title="bbox 119 1991 1139 2085; baseline -0.008 -20"><span class='ocrx_word' id='word_1_130' title='bbox 119 2003 257 2085; x_wconf 90' lang='grc' dir='ltr'><strong><em>πατρός,</em></strong></span> <span class='ocrx_word' id='word_1_131' title='bbox 289 2010 367 2076; x_wconf 86' lang='grc' dir='ltr'><strong><em>παῖς</em></strong></span> <span class='ocrx_word' id='word_1_132' title='bbox 395 1998 520 2077; x_wconf 78' lang='grc' dir='ltr'><strong><em>ξανθὸς</em></strong></span> <span class='ocrx_word' id='word_1_133' title='bbox 551 1994 613 2082; x_wconf 71' lang='grc' dir='ltr'><strong><em>μὲν</em></strong></span> <span class='ocrx_word' id='word_1_134' title='bbox 644 1998 706 2079; x_wconf 82' lang='grc' dir='ltr'><strong><em>τὴν</em></strong></span> <span class='ocrx_word' id='word_1_135' title='bbox 732 2000 835 2082; x_wconf 92' lang='grc' dir='ltr'><strong><em>χρόαν</em></strong></span> <span class='ocrx_word' id='word_1_136' title='bbox 868 1996 989 2080; x_wconf 81' lang='grc' dir='ltr'><strong><em>γοργὸς</em></strong></span> <span class='ocrx_word' id='word_1_137' title='bbox 1016 1991 1053 2058; x_wconf 75' lang='grc' dir='ltr'><strong><em>δὲ</em></strong></span> <span class='ocrx_word' id='word_1_138' title='bbox 1081 1996 1139 2070; x_wconf 82' lang='grc' dir='ltr'><strong><em>τὰς</em></strong></span> 
     </span>
     <span class='ocr_line' id='line_1_19' title="bbox 120 2099 1139 2186; baseline -0.003 -17"><span class='ocrx_word' id='word_1_139' title='bbox 120 2108 215 2181; x_wconf 81' lang='grc' dir='ltr'><strong><em>όύεις</em></strong></span> <span class='ocrx_word' id='word_1_140' title='bbox 232 2104 287 2169; x_wconf 81' lang='grc' dir='ltr'><strong><em>καὶ</em></strong></span> <span class='ocrx_word' id='word_1_141' title='bbox 306 2108 406 2181; x_wconf 85' lang='grc' dir='ltr'><strong><em>καλὸς</em></strong></span> <span class='ocrx_word' id='word_1_142' title='bbox 425 2106 542 2186; x_wconf 87' lang='grc' dir='ltr'><strong><em>άλλως,</em></strong></span> <span class='ocrx_word' id='word_1_143' title='bbox 562 2099 671 2180; x_wconf 66' lang='grc' dir='ltr'><strong><em>“οὗτός</em></strong></span> <span class='ocrx_word' id='word_1_144' title='bbox 690 2103 791 2168; x_wconf 83' lang='grc' dir='ltr'><strong><em>ἐστιν’</em></strong></span> <span class='ocrx_word' id='word_1_145' title='bbox 811 2103 913 2167; x_wconf 88' lang='grc' dir='ltr'><strong><em>είπὼν</em></strong></span> <span class='ocrx_word' id='word_1_146' title='bbox 931 2101 1036 2185; x_wconf 73' lang='grc' dir='ltr'><strong><em>ἡσυχῇ</em></strong></span> <span class='ocrx_word' id='word_1_147' title='bbox 1055 2104 1139 2186; x_wconf 88' lang='grc' dir='ltr'><strong><em>πρὸς</em></strong></span> 
     </span>
     <span class='ocr_line' id='line_1_20' title="bbox 120 2207 1139 2296; baseline -0.003 -22"><span class='ocrx_word' id='word_1_148' title='bbox 120 2211 224 2276; x_wconf 88' lang='grc' dir='ltr'><strong><em>αὑτὸν</em></strong></span> <span class='ocrx_word' id='word_1_149' title='bbox 247 2211 445 2292; x_wconf 87' lang='grc' dir='ltr'><strong><em>Σαμούηλος</em></strong></span> <span class='ocrx_word' id='word_1_150' title='bbox 465 2209 494 2274; x_wconf 78' lang='lat'><strong><em>‘6</em></strong></span> <span class='ocrx_word' id='word_1_151' title='bbox 514 2210 703 2293; x_wconf 90' lang='grc' dir='ltr'><strong><em>βασιλεύειν</em></strong></span> <span class='ocrx_word' id='word_1_152' title='bbox 721 2208 841 2292; x_wconf 84' lang='grc' dir='ltr'><strong><em>ἀρέσας</em></strong></span> <span class='ocrx_word' id='word_1_153' title='bbox 861 2218 906 2296; x_wconf 74' lang='grc' dir='ltr'><strong><em>τῷ</em></strong></span> <span class='ocrx_word' id='word_1_154' title='bbox 925 2207 1017 2296; x_wconf 74' lang='grc' dir='ltr'><strong><em>θεῷ,’</em></strong></span> <span class='ocrx_word' id='word_1_155' title='bbox 1040 2232 1139 2272; x_wconf 88' lang='grc' dir='ltr'><strong><em>κατα-</em></strong></span> 
     </span>
     <span class='ocr_line' id='line_1_21' title="bbox 120 2310 1178 2397; baseline -0.003 -16"><span class='ocrx_word' id='word_1_156' title='bbox 120 2321 267 2381; x_wconf 87' lang='grc' dir='ltr'><strong><em>κλίνεται</em></strong></span> <span class='ocrx_word' id='word_1_157' title='bbox 290 2310 351 2397; x_wconf 73' lang='grc' dir='ltr'><strong><em>μὲν</em></strong></span> <span class='ocrx_word' id='word_1_158' title='bbox 374 2313 484 2396; x_wconf 88' lang='grc' dir='ltr'><strong><em>αὐτός,</em></strong></span> <span class='ocrx_word' id='word_1_159' title='bbox 506 2318 694 2379; x_wconf 91' lang='grc' dir='ltr'><strong><em>κατακλίνει</em></strong></span> <span class='ocrx_word' id='word_1_160' title='bbox 718 2311 749 2377; x_wconf 89' lang='grc' dir='ltr'><strong><em>δ’</em></strong></span> <span class='ocrx_word' id='word_1_161' title='bbox 771 2311 830 2397; x_wconf 86' lang='grc' dir='ltr'><strong><em>ὑφ’</em></strong></span> <span class='ocrx_word' id='word_1_162' title='bbox 857 2313 959 2378; x_wconf 89' lang='grc' dir='ltr'><strong><em>αὑτὸν</em></strong></span> <span class='ocrx_word' id='word_1_163' title='bbox 982 2316 1041 2378; x_wconf 88' lang='grc' dir='ltr'><strong><em>τὸν</em></strong></span> <span class='ocrx_word' id='word_1_164' title='bbox 1064 2338 1139 2378; x_wconf 81' lang='grc' dir='ltr'><strong><em>νεα·</em></strong></span> <span class='ocrx_word' id='word_1_165' title='bbox 1153 2326 1178 2364; x_wconf 74' lang='lat'><strong><em>2⁰</em></strong></span> 
     </span>
     <span class='ocr_line' id='line_1_22' title="bbox 120 2416 1138 2502; baseline -0.004 -15"><span class='ocrx_word' id='word_1_166' title='bbox 120 2426 237 2488; x_wconf 89' lang='grc' dir='ltr'><strong><em>νίσκον</em></strong></span> <span class='ocrx_word' id='word_1_167' title='bbox 260 2417 314 2485; x_wconf 83' lang='grc' dir='ltr'><strong><em>καὶ</em></strong></span> <span class='ocrx_word' id='word_1_168' title='bbox 337 2421 397 2484; x_wconf 89' lang='grc' dir='ltr'><strong><em>τὸν</em></strong></span> <span class='ocrx_word' id='word_1_169' title='bbox 413 2416 572 2483; x_wconf 85' lang='grc' dir='ltr'><strong><em>Ἰεσσαῖον</em></strong></span> <span class='ocrx_word' id='word_1_170' title='bbox 590 2420 670 2502; x_wconf 87' lang='grc' dir='ltr'><strong><em>μετά</em></strong></span> <span class='ocrx_word' id='word_1_171' title='bbox 687 2418 743 2483; x_wconf 81' lang='grc' dir='ltr'><strong><em>καὶ</em></strong></span> <span class='ocrx_word' id='word_1_172' title='bbox 761 2431 830 2484; x_wconf 86' lang='grc' dir='ltr'><strong><em>τῶν</em></strong></span> <span class='ocrx_word' id='word_1_173' title='bbox 848 2421 987 2484; x_wconf 90' lang='grc' dir='ltr'><strong><em>παίδων.</em></strong></span> <span class='ocrx_word' id='word_1_174' title='bbox 1028 2420 1138 2502; x_wconf 78' lang='lat'>&lt;165&gt;</span> 
     </span>
     <span class='ocr_line' id='line_1_23' title="bbox 122 2525 1138 2611; baseline -0.003 -18"><span class='ocrx_word' id='word_1_175' title='bbox 122 2531 233 2593; x_wconf 82' lang='grc' dir='ltr'><strong><em>ἔπειτα</em></strong></span> <span class='ocrx_word' id='word_1_176' title='bbox 255 2527 368 2611; x_wconf 83' lang='grc' dir='ltr'><strong><em>λαβὼν</em></strong></span> <span class='ocrx_word' id='word_1_177' title='bbox 392 2527 537 2610; x_wconf 87' lang='grc' dir='ltr'><strong><em>ὁρῶντος</em></strong></span> <span class='ocrx_word' id='word_1_178' title='bbox 559 2534 619 2591; x_wconf 87' lang='grc' dir='ltr'><strong><em>τοῦ</em></strong></span> <span class='ocrx_word' id='word_1_179' title='bbox 642 2527 797 2592; x_wconf 92' lang='grc' dir='ltr'><strong><em>Δαυίδου</em></strong></span> <span class='ocrx_word' id='word_1_180' title='bbox 820 2529 857 2592; x_wconf 90' lang='grc' dir='ltr'><strong><em>τὸ</em></strong></span> <span class='ocrx_word' id='word_1_181' title='bbox 878 2529 990 2591; x_wconf 82' lang='grc' dir='ltr'><strong><em>ἔλαιον</em></strong></span> <span class='ocrx_word' id='word_1_182' title='bbox 1009 2525 1138 2609; x_wconf 87' lang='grc' dir='ltr'><strong><em>άλείφει</em></strong></span> 
     </span>
     <span class='ocr_line' id='line_1_24' title="bbox 121 2628 1139 2719; baseline -0.003 -20"><span class='ocrx_word' id='word_1_183' title='bbox 121 2633 149 2700; x_wconf 94' lang='grc' dir='ltr'><strong><em>τ’</em></strong></span> <span class='ocrx_word' id='word_1_184' title='bbox 176 2633 279 2700; x_wconf 89' lang='grc' dir='ltr'><strong><em>αὐτὸν</em></strong></span> <span class='ocrx_word' id='word_1_185' title='bbox 305 2632 360 2699; x_wconf 79' lang='grc' dir='ltr'><strong><em>καὶ</em></strong></span> <span class='ocrx_word' id='word_1_186' title='bbox 387 2636 470 2719; x_wconf 90' lang='grc' dir='ltr'><strong><em>πρὸς</em></strong></span> <span class='ocrx_word' id='word_1_187' title='bbox 496 2635 534 2700; x_wconf 90' lang='grc' dir='ltr'><strong><em>τὸ</em></strong></span> <span class='ocrx_word' id='word_1_188' title='bbox 562 2628 621 2711; x_wconf 83' lang='grc' dir='ltr'><strong><em>οὖς</em></strong></span> <span class='ocrx_word' id='word_1_189' title='bbox 643 2633 748 2719; x_wconf 81' lang='grc' dir='ltr'><strong><em>ἠρέμα</em></strong></span> <span class='ocrx_word' id='word_1_190' title='bbox 771 2640 878 2719; x_wconf 91' lang='grc' dir='ltr'><strong><em>λαλεῖ,</em></strong></span> <span class='ocrx_word' id='word_1_191' title='bbox 907 2631 962 2698; x_wconf 85' lang='grc' dir='ltr'><strong><em>καὶ</em></strong></span> <span class='ocrx_word' id='word_1_192' title='bbox 986 2637 1139 2716; x_wconf 88' lang='grc' dir='ltr'><strong><em>σημαίνει</em></strong></span> 
     </span>
     <span class='ocr_line' id='line_1_25' title="bbox 121 2737 1139 2826; baseline -0.005 -19"><span class='ocrx_word' id='word_1_193' title='bbox 121 2739 219 2807; x_wconf 85' lang='grc' dir='ltr'><strong><em>τοῦθ’</em></strong></span> <span class='ocrx_word' id='word_1_194' title='bbox 250 2742 300 2807; x_wconf 81' lang='grc' dir='ltr'><strong><em>ὅτι</em></strong></span> <span class='ocrx_word' id='word_1_195' title='bbox 328 2742 517 2826; x_wconf 92' lang='grc' dir='ltr'><strong><em>βασιλεύειν</em></strong></span> <span class='ocrx_word' id='word_1_196' title='bbox 545 2741 647 2807; x_wconf 83' lang='grc' dir='ltr'><strong><em>αὐτὸν</em></strong></span> <span class='ocrx_word' id='word_1_197' title='bbox 676 2741 796 2818; x_wconf 86' lang='grc' dir='ltr'><strong><em>ὁθεὸς</em></strong></span> <span class='ocrx_word' id='word_1_198' title='bbox 826 2739 952 2826; x_wconf 75' lang='grc' dir='ltr'><strong><em>ᾕρηται.</em></strong></span> <span class='ocrx_word' id='word_1_199' title='bbox 997 2737 1139 2823; x_wconf 79' lang='grc' dir='ltr'><strong><em>παρῄνει</em></strong></span> 
     </span>
     <span class='ocr_line' id='line_1_26' title="bbox 122 2843 1178 2928; baseline -0.003 -17"><span class='ocrx_word' id='word_1_200' title='bbox 122 2845 153 2911; x_wconf 84' lang='grc' dir='ltr'><strong><em>δ’</em></strong></span> <span class='ocrx_word' id='word_1_201' title='bbox 170 2843 257 2911; x_wconf 81' lang='grc' dir='ltr'><strong><em>εἶναι</em></strong></span> <span class='ocrx_word' id='word_1_202' title='bbox 272 2848 403 2912; x_wconf 93' lang='grc' dir='ltr'><strong><em>δίκαιον</em></strong></span> <span class='ocrx_word' id='word_1_203' title='bbox 417 2844 471 2910; x_wconf 81' lang='grc' dir='ltr'><strong><em>καὶ</em></strong></span> <span class='ocrx_word' id='word_1_204' title='bbox 485 2848 649 2928; x_wconf 82' lang='grc' dir='ltr'><strong><em>κατήκοον</em></strong></span> <span class='ocrx_word' id='word_1_205' title='bbox 662 2845 765 2911; x_wconf 84' lang='grc' dir='ltr'><strong><em>αὐτοῦ</em></strong></span> <span class='ocrx_word' id='word_1_206' title='bbox 783 2857 851 2910; x_wconf 87' lang='grc' dir='ltr'><strong><em>τῶν</em></strong></span> <span class='ocrx_word' id='word_1_207' title='bbox 864 2845 1139 2928; x_wconf 81' lang='grc' dir='ltr'><strong><em>προσταγμάτων·</em></strong></span> <span class='ocrx_word' id='word_1_208' title='bbox 1154 2859 1178 2898; x_wconf 80' lang='lat'><strong><em>25</em></strong></span> 
     </span>
     <span class='ocr_line' id='line_1_27' title="bbox 122 2948 1139 3038; baseline 0 -21"><span class='ocrx_word' id='word_1_209' title='bbox 122 2952 209 3017; x_wconf 80' lang='grc' dir='ltr'><strong><em>οὕτω</em></strong></span> <span class='ocrx_word' id='word_1_210' title='bbox 225 2953 287 3036; x_wconf 84' lang='grc' dir='ltr'><strong><em>γάρ</em></strong></span> <span class='ocrx_word' id='word_1_211' title='bbox 303 2950 392 3038; x_wconf 71' lang='grc' dir='ltr'><strong><em>αὐτῷ</em></strong></span> <span class='ocrx_word' id='word_1_212' title='bbox 407 2963 609 3036; x_wconf 90' lang='grc' dir='ltr'><strong><em>παραμενεῖν</em></strong></span> <span class='ocrx_word' id='word_1_213' title='bbox 617 2952 680 3033; x_wconf 82' lang='grc' dir='ltr'><strong><em>τὴν</em></strong></span> <span class='ocrx_word' id='word_1_214' title='bbox 693 2954 865 3034; x_wconf 92' lang='grc' dir='ltr'><strong><em>βασιλείαν</em></strong></span> <span class='ocrx_word' id='word_1_215' title='bbox 876 2948 928 3014; x_wconf 81' lang='grc' dir='ltr'><strong><em>ἐπὶ</em></strong></span> <span class='ocrx_word' id='word_1_216' title='bbox 942 2955 1049 3015; x_wconf 91' lang='grc' dir='ltr'><strong><em>πολὺν</em></strong></span> <span class='ocrx_word' id='word_1_217' title='bbox 1063 2955 1139 3036; x_wconf 94' lang='grc' dir='ltr'><strong><em>χρό-</em></strong></span> 
     </span>
     <span class='ocr_line' id='line_1_28' title="bbox 122 3052 1139 3141; baseline -0.001 -19"><span class='ocrx_word' id='word_1_218' title='bbox 122 3081 195 3141; x_wconf 92' lang='grc' dir='ltr'><strong><em>νον,</em></strong></span> <span class='ocrx_word' id='word_1_219' title='bbox 208 3054 264 3123; x_wconf 82' lang='grc' dir='ltr'><strong><em>καὶ</em></strong></span> <span class='ocrx_word' id='word_1_220' title='bbox 277 3060 337 3124; x_wconf 87' lang='grc' dir='ltr'><strong><em>τὸν</em></strong></span> <span class='ocrx_word' id='word_1_221' title='bbox 352 3052 445 3122; x_wconf 86' lang='grc' dir='ltr'><strong><em>οἷκον</em></strong></span> <span class='ocrx_word' id='word_1_222' title='bbox 464 3058 617 3141; x_wconf 90' lang='grc' dir='ltr'><strong><em>λαμπρὸν</em></strong></span> <span class='ocrx_word' id='word_1_223' title='bbox 634 3054 690 3120; x_wconf 81' lang='grc' dir='ltr'><strong><em>καὶ</em></strong></span> <span class='ocrx_word' id='word_1_224' title='bbox 708 3059 908 3141; x_wconf 86' lang='grc' dir='ltr'><strong><em>περιβόητον</em></strong></span> <span class='ocrx_word' id='word_1_225' title='bbox 926 3058 1139 3139; x_wconf 80' lang='grc' dir='ltr'><strong><em>γενησεσθαι,</em></strong></span> 
     </span>
     <span class='ocr_line' id='line_1_29' title="bbox 123 3155 1139 3249; baseline 0 -22"><span class='ocrx_word' id='word_1_226' title='bbox 123 3161 407 3249; x_wconf 78' lang='grc' dir='ltr'><strong><em>καταστρέψεσθαι</em></strong></span> <span class='ocrx_word' id='word_1_227' title='bbox 422 3158 459 3227; x_wconf 78' lang='grc' dir='ltr'><strong><em>δὲ</em></strong></span> <span class='ocrx_word' id='word_1_228' title='bbox 477 3160 531 3225; x_wconf 79' lang='grc' dir='ltr'><strong><em>καὶ</em></strong></span> <span class='ocrx_word' id='word_1_229' title='bbox 546 3164 803 3245; x_wconf 89' lang='grc' dir='ltr'><strong><em>Παλαιστινούς,</em></strong></span> <span class='ocrx_word' id='word_1_230' title='bbox 820 3161 876 3228; x_wconf 85' lang='grc' dir='ltr'><strong><em>καὶ</em></strong></span> <span class='ocrx_word' id='word_1_231' title='bbox 895 3155 945 3240; x_wconf 85' lang='grc' dir='ltr'><strong><em>οἷς</em></strong></span> <span class='ocrx_word' id='word_1_232' title='bbox 963 3163 1006 3228; x_wconf 81' lang='grc' dir='ltr'><strong><em>δν</em></strong></span> <span class='ocrx_word' id='word_1_233' title='bbox 1025 3165 1139 3228; x_wconf 83' lang='grc' dir='ltr'><strong><em>ἔθνεσι</em></strong></span> 
     </span>
     <span class='ocr_line' id='line_1_30' title="bbox 124 3264 1140 3354; baseline 0.002 -21"><span class='ocrx_word' id='word_1_234' title='bbox 124 3274 249 3354; x_wconf 75' lang='grc' dir='ltr'><strong><em>πολεμῇ</em></strong></span> <span class='ocrx_word' id='word_1_235' title='bbox 271 3281 415 3335; x_wconf 82' lang='grc' dir='ltr'><strong><em>νικῶντα</em></strong></span> <span class='ocrx_word' id='word_1_236' title='bbox 438 3264 492 3333; x_wconf 79' lang='grc' dir='ltr'><strong><em>καί</em></strong></span> <span class='ocrx_word' id='word_1_237' title='bbox 515 3272 672 3353; x_wconf 86' lang='grc' dir='ltr'><strong><em>περιόντα</em></strong></span> <span class='ocrx_word' id='word_1_238' title='bbox 694 3279 733 3354; x_wconf 78' lang='grc' dir='ltr'><strong><em>τῇ</em></strong></span> <span class='ocrx_word' id='word_1_239' title='bbox 756 3270 842 3354; x_wconf 85' lang='grc' dir='ltr'><strong><em>μάχη</em></strong></span> <span class='ocrx_word' id='word_1_240' title='bbox 867 3269 962 3346; x_wconf 88' lang='grc' dir='ltr'><strong><em>κλέος</em></strong></span> <span class='ocrx_word' id='word_1_241' title='bbox 984 3269 1140 3353; x_wconf 84' lang='grc' dir='ltr'><strong><em>ἀοίδιμον</em></strong></span> 
     </span>
     <span class='ocr_line' id='line_1_31' title="bbox 125 3372 1179 3458; baseline 0.002 -20"><span class='ocrx_word' id='word_1_242' title='bbox 125 3376 229 3452; x_wconf 82' lang='grc' dir='ltr'><strong><em>ζῶντά</em></strong></span> <span class='ocrx_word' id='word_1_243' title='bbox 251 3399 287 3440; x_wconf 90' lang='grc' dir='ltr'><strong><em>τε</em></strong></span> <span class='ocrx_word' id='word_1_244' title='bbox 310 3374 396 3454; x_wconf 77' lang='grc' dir='ltr'><strong><em>ἕξειν</em></strong></span> <span class='ocrx_word' id='word_1_245' title='bbox 417 3372 472 3440; x_wconf 83' lang='grc' dir='ltr'><strong><em>καὶ</em></strong></span> <span class='ocrx_word' id='word_1_246' title='bbox 494 3385 565 3451; x_wconf 87' lang='grc' dir='ltr'><strong><em>τοῖς</em></strong></span> <span class='ocrx_word' id='word_1_247' title='bbox 588 3373 664 3458; x_wconf 85' lang='grc' dir='ltr'><strong><em>μεθ’</em></strong></span> <span class='ocrx_word' id='word_1_248' title='bbox 690 3376 793 3441; x_wconf 85' lang='grc' dir='ltr'><strong><em>αὑτὸν</em></strong></span> <span class='ocrx_word' id='word_1_249' title='bbox 816 3375 1017 3452; x_wconf 78' lang='grc' dir='ltr'><strong><em>ἀπολείψειν.</em></strong></span> <span class='ocrx_word' id='word_1_250' title='bbox 1154 3394 1179 3431; x_wconf 81' lang='lat'><strong><em>³0</em></strong></span> 
     </span>
     <span class='ocr_line' id='line_1_32' title="bbox 196 3495 580 3566; baseline 0.005 -18"><span class='ocrx_word' id='word_1_251' title='bbox 196 3495 580 3566; x_wconf 74' lang='lat' dir='ltr'>§161=1Reg.XV18.</span> 
     </span>
    </p>
   </div>
   <div class='ocr_carea' id='block_1_3' title="bbox 0 0 1210 3840">
    <p class='ocr_par' dir='ltr' id='par_1_3' title="bbox 0 0 1210 3840">
     <span class='ocr_line' id='line_1_33' title="bbox 0 0 1210 3840; baseline 0 0"><span class='ocrx_word' id='word_1_252' title='bbox 0 0 1210 3840; x_wconf 95' lang='lat' dir='ltr'><strong><em> </em></strong></span> 
     </span>
    </p>
   </div>
   <div class='ocr_carea' id='block_1_4' title="bbox 477 3778 557 3792">
    <p class='ocr_par' dir='ltr' id='par_1_4' title="bbox 477 3778 557 3792">
     <span class='ocr_line' id='line_1_34' title="bbox 477 3778 557 3792; baseline 0 0"><span class='ocrx_word' id='word_1_253' title='bbox 477 3778 557 3792; x_wconf 60' lang='lat'><strong><em>*-</em></strong></span> 
     </span>
    </p>
   </div>
  </div>
 </body>
</html>
