2400 3840
110 118 176 181 334
482 117 754 168 APxIonmz

109 280 172 362 τήν
199 280 326 345 οἰκείαν
353 274 560 362 διέρχεσθαι,
590 284 650 360 τῆς
676 273 910 361 πεπρωμένης,
944 272 1057 362 οἶμαι,
1089 279 1130 354 είς

110 384 200 450 τοῦτ’
233 384 336 450 αὐτὸν
362 382 634 468 παρορμησάσης,
661 383 717 446 ἵνα
744 383 830 467 λάβη
857 386 1038 467 πρόφασιν
1063 381 1127 449 κατ’

111 492 225 558 αὐτοῦ.
265 490 353 573 <77>
377 488 609 565 διατάττοντος
627 489 689 572 γὰρ
708 487 811 553 αὐτοῦ
830 489 893 570 τήν
913 490 1064 574 δύναμιν
1080 488 1130 554 καὶ

112 595 166 681 ἐφ’
192 597 336 681 ἅρματος
358 595 423 660 ἀπὸ
445 593 550 680 κέρως
568 591 621 658 ἐπὶ
639 592 737 679 κέρας
755 593 953 678 ὀχουμένου,
978 595 1131 675 τοξεύσας

111 726 163 778 τις
185 701 287 766 αὐτὸν
310 711 378 766 τῶν
396 701 591 783 Αἰγυπτίων
614 701 736 764 ἔπαυσε
758 708 817 782 τής
836 702 922 785 πρὸς
943 701 1010 783 τήν
1029 701 1150 786 μάχηνι

113 808 273 889 σπουδῆς·
306 815 351 894 τῷ
379 807 541 891 τραύματι
572 805 635 890 γάρ
667 806 848 888 περιαλγής
879 806 929 871 ὢν
959 805 1131 872 ἐκέλευσεν

113 912 344 996 ἀνακληθῆναι
366 913 404 976 τὸ
428 911 628 995 στράτευμα,
654 908 710 975 καὶ
736 909 944 997 ὑπέστρεψεν
968 916 1020 989 είς
1039 911 1131 999 Ἱερο-

114 1021 251 1101 σόλυμα.
296 1021 432 1101 τελευτᾷ
460 1013 491 1080 δ’
518 1015 553 1080 ἐκ
576 1024 635 1100 τῆς
656 1021 784 1099 πληγῆς
806 1015 936 1099 ἐκείνης
962 1020 1027 1083 τὸν
1051 1020 1131 1103 βίον,

112 1119 168 1186 καὶ
190 1122 363 1203 κηδεύεται
386 1120 424 1186 έν
446 1134 518 1198 ταῖς
540 1119 707 1209 πατρῴαις
724 1123 845 1204 θήκαις
863 1128 1130 1209 μεγαλοπρεπῶς,

114 1228 237 1311 βιώσας
256 1223 317 1311 μὲν
335 1229 391 1310 ἔτη
410 1227 587 1312 τριάκοντα
606 1225 714 1310 ἐννέα,
732 1230 932 1311 βασιλεύσας
949 1226 987 1294 δὲ
1007 1232 1130 1295 τούτων
1142 1248 1161 1288 ιο

113 1333 152 1398 ἓν
174 1331 229 1398 καὶ
252 1334 438 1420 τριάκοντα.
475 1333 563 1416 <78>
584 1331 711 1410 πένθος
734 1331 765 1397 δ’
787 1332 837 1399 ἐπ’
859 1335 949 1421 αὐτῷ
967 1335 1056 1419 μέγα
1077 1344 1130 1402 τοῦ

115 1445 198 1504 λαοῦ
225 1442 348 1517 παντὸς
374 1440 478 1523 ήχθη,
507 1443 646 1515 πολλαῖς
675 1437 812 1525 ἡμέραις
840 1439 1056 1526 ὀδυρομένου
1081 1439 1131 1507 καὶ

113 1552 351 1627 κατηφοῦντος.
388 1543 545 1629 Ἱερεμίας
568 1541 599 1608 δ’
626 1544 643 1611 6
666 1545 839 1629 προφήτης
862 1544 1057 1629 ἐπικήδειον
1079 1547 1131 1612 αύ-

114 1658 175 1715 τοῦ
194 1647 349 1727 συνέταξε
367 1647 466 1732 μέλος
485 1653 729 1736 [θρηνητικόνχ
752 1650 770 1715 ὃ
789 1648 844 1715 καὶ
863 1649 959 1737 μέχρι
978 1662 1047 1718 νῦν
1067 1656 1131 1718 δια-

115 1753 216 1840 μένει.
260 1755 357 1839 <I9>
385 1749 482 1832 οὗτος
509 1756 526 1823 6
554 1757 728 1841 προφήτης
752 1755 808 1821 καὶ
835 1759 874 1822 τά
903 1756 1071 1840 μέλλοντα
1097 1769 1132 1845 τή
1144 1774 1163 1816 1⁵

115 1865 210 1928 πόλει
233 1863 327 1927 δεινά
349 1859 588 1947 προυκήρυξευ,
616 1860 652 1927 έν
675 1861 843 1947 γράμμασι
864 1867 1060 1931 καταλιπὼν
1082 1865 1132 1932 καὶ

115 1969 177 2051 τήν
192 1976 257 2033 νῦν
276 1965 329 2051 ἐφ’
346 1964 440 2052 ἡμῶν
458 1966 641 2052 γενομένην
659 1968 784 2033 ἅλωσιν
801 1971 863 2050 τήν
880 1992 916 2034 τε
930 1973 1134 2055 Βαβυλῶνος

117 2075 254 2160 αἵρεσιν.
300 2074 341 2138 ού
369 2076 474 2157 μόνον
497 2071 528 2137 δ’
555 2069 652 2150 οὗτος
679 2073 917 2160 προυθέσπισε
933 2086 1039 2142 ταῦτα
1067 2091 1134 2154 τοῖς

117 2182 237 2261 ὄχλοις,
256 2178 340 2243 άλλδι
357 2177 412 2243 καὶ
432 2179 449 2244 6
464 2181 636 2262 προφήτης
650 2177 837 2262 Ἰεζεκίηλος
855 2181 891 2256 ὃς
909 2193 1042 2265 πρῶτος
1061 2182 1134 2267 περὶ

116 2283 244 2346 τούτων
262 2282 324 2344 δύο
343 2285 456 2364 βιβλία
475 2283 604 2365 γράψας
622 2283 805 2350 κατέλιπεν.
837 2286 924 2367 <8Ο>
942 2282 1031 2368 ἦσαν
1050 2287 1082 2352 δ’
1104 2290 1136 2353 οἱ
1146 2303 1168 2346 2⁰

117 2388 178 2450 δύο
192 2395 237 2473 τῷ
251 2383 340 2468 γένει
356 2385 464 2469 ἱερεῖς,
479 2383 551 2451 ἀλλ’
569 2388 587 2452 6
601 2384 663 2472 μὲν
674 2387 831 2475 Ἱερεμίας
846 2390 882 2455 έν
892 2389 1135 2478 Ἱεροσολύμοις

117 2494 243 2576 διήγεν,
262 2491 326 2558 ἀπὸ
345 2492 615 2578 τρισκαιδεκάτου
634 2495 729 2572 ἔτους
746 2506 804 2581 τής
819 2495 947 2562 Ἰωσίου
965 2502 1135 2581 βασιλείας

117 2600 179 2677 ἕως
198 2600 385 2685 κατεσκάφη
404 2599 424 2685 ή
443 2604 539 2679 πόλις
559 2599 614 2666 καὶ
633 2602 651 2667 6
669 2605 758 2678 ναός.
798 2604 839 2666 τά
861 2601 975 2687 μέντοι
995 2627 1034 2685 γε
1054 2622 1135 2690 συμ-

118 2707 223 2790 βάντα
234 2706 309 2792 περὶ
323 2717 443 2773 τοῦτον
456 2710 516 2772 τὸν
529 2709 703 2792 προφήτην
714 2709 796 2772 κατὰ
810 2709 921 2792 χώραν
931 2709 1133 2794 δηλώσομεν.

82 2828 98 2876 2
185 2815 273 2895 <8I>
287 2815 542 2895 τελευτήσαντος
561 2815 581 2878 δ
585 2812 592 2837 ’
606 2812 733 2879 Ἰωσίου
751 2815 865 2891 καθὼς
880 2817 1133 2901 προειρήκαμεν,
1146 2831 1169 2872 2⁵

117 2919 179 3000 τήν
202 2922 374 3002 βασιλείαν
397 2918 415 2983 6
438 2931 516 2995 παῖς
539 2919 641 2984 αὐτοῦ
664 2918 849 3003 διαδέχεται
866 2918 1036 3004 Ὶωάχαζος
1060 2923 1133 2987 τού-

117 3047 215 3108 νομα,
236 3021 311 3108 περὶ
334 3027 448 3106 τρίτον
469 3020 524 3087 καὶ
548 3025 697 3089 είκοστὸυ
715 3026 778 3108 ήδη
798 3027 870 3102 ἔτος
888 3029 1042 3108 γεγονώς.
1079 3026 1134 3092 καλ

118 3123 216 3204 οὗτος
239 3125 300 3212 μὲν
323 3126 359 3192 έν
379 3126 619 3211 Ἱεροσολύμοις
641 3127 842 3213 ἐβασίλευσε,
866 3134 989 3216 μητρὸς
1006 3131 1133 3217 Ἀμιτά-

118 3239 178 3315 λης
208 3233 243 3298 ἐκ
271 3235 398 3309 πόλεως
427 3232 596 3315 Λοβάνης,
626 3233 746 3319 άσεβής
776 3232 813 3300 δὲ
842 3235 897 3302 καὶ
927 3240 1046 3323 μιαρὸς
1076 3241 1133 3304 τὸν

189 3376 204 3435 ς
220 3375 253 3422 ιι
269 3396 302 3415 =
318 3376 334 3423 4
348 3371 416 3438 μσς.
430 3369 519 3423 xxm
534 3376 576 3425 νο.
654 3379 669 3439 ς
685 3374 946 3441 79=101em.11;
965 3376 1065 3429 περ,
1081 3377 1093 3428 1
1108 3381 1131 3429 ο,

118 3461 133 3520 I
148 3461 179 3509 81
197 3483 230 3499 =
246 3464 262 3509 4
276 3457 345 3525 Reg.
360 3459 449 3512 XXIII
464 3464 511 3524 363
530 3464 545 3511 ε
560 3457 642 3512 ΡινΕΙ
