2400 3840
508 157 659 208 ΕΒΔοΜΗ
1029 158 1092 223 133

72 329 144 393 τοῖς
172 316 301 382 ἐκείνου
328 328 395 382 τῶν
424 315 618 400 ἐπιτηδείων
639 317 811 383 ’ἐκτένειαν
838 317 1019 404 παρέσχον,
1050 322 1094 400 ῶς

72 426 153 508 μήτε
189 427 306 501 κλίνας
338 422 502 489 ἐπιλιπεῖν
535 423 741 510 ἐστρωμένας
773 423 847 510 μήτ’
881 427 1002 512 ἀρτους
1037 427 1094 493 καὶ

71 525 183 613 οἶνον,
216 530 300 596 ἀλλά
331 528 577 616 καὶθυμάτων
605 531 778 616 ἀφθονίαν
809 542 1006 619 χορηγῆσαι,
1038 532 1094 599 καὶ

72 649 141 701 τῶν
165 639 212 713 είς
236 636 425 703 ἀνάπαυσιν
443 639 506 722 ήδη
529 639 773 722 κεκοπωμένοις
790 636 846 704 καὶ
864 641 993 726 τροφήν
1016 665 1094 726 χρη-

43 748 181 828 ισίμων
205 743 365 830 εὐπορίαν
389 746 507 831 διαρκή
531 757 722 830 παρασχεῖν.

141 851 251 934 <232>
274 849 330 915 καὶ
353 854 389 915 οἳ
409 847 470 936 μὲν
490 850 526 916 έν
544 852 676 929 τούτοις
693 846 792 935 ἦσαν’
814 850 1041 938 Ἀβεσάλωμος
1060 852 1091 919 δ’
1106 853 1147 917 10

71 957 237 1043 ἀθροίσας
254 957 402 1041 μεγάλην
421 958 578 1043 στρατιάν
597 968 665 1022 τῶν
680 956 843 1044 Ἑβραίων
861 955 942 1043 ήγεν
963 959 1015 1025 ἐπὶ
1034 962 1094 1026 τὸν

71 1063 211 1150 πατέρα,
238 1062 294 1128 καὶ
317 1065 436 1148 διαβάς
458 1066 518 1130 τὸν
538 1062 710 1151 Ἰορδάνην
737 1067 887 1151 ποταμὸν
914 1067 954 1132 οὐ
980 1070 1093 1155 πόρρω

70 1168 239 1248 κατέζευξε
271 1180 338 1234 τῶν
366 1174 596 1255 Παρεμβολῶν
629 1169 666 1236 έν
697 1180 737 1257 τῇ
766 1174 961 1238 Γαλαδιτῶν
992 1176 1093 1262 χῶροι,

28 1297 55 1335 10
70 1278 277 1359 καταστήσας
305 1279 489 1360 στρατηγὸν
518 1277 625 1360 πάσης
651 1286 710 1361 τής
737 1278 909 1362 δυνάμεως
933 1277 1094 1364 Ἀμεσσάυ

71 1386 120 1460 είς
146 1384 208 1466 τήν
228 1381 365 1468 Ἰωάβου
392 1381 486 1461 τάξιν
513 1392 572 1449 τοῦ
601 1394 783 1467 συγγενοῦς
811 1384 926 1453 αὐτοῦ.
969 1390 1094 1472 πατρὸς

70 1487 133 1574 μὲν
160 1491 223 1576 γάρ
251 1485 294 1573 ἦν
319 1487 506 1576 Ἰεθάρσου,
534 1493 656 1577 μητρὸς
684 1489 714 1556 δ’
738 1489 918 1576 Ἀβιγαίας·
946 1492 1029 1576 αὕτη
1056 1489 1093 1558 δὲ

69 1593 126 1661 καὶ
149 1599 303 1683 Σαρουία
326 1596 346 1679 ἡ
368 1594 505 1680 Ἰωάβου
528 1599 634 1683 μήτηρ
658 1595 801 1688 ἀδελφαὶ
824 1592 910 1680 ήσαν
928 1600 1093 1664 Δαυίδου.

71 1704 182 1788 <233>
202 1703 247 1780 ὡς
267 1701 297 1768 δ’
317 1701 541 1789 ἐξαριθμήσας
559 1706 638 1780 τοὺς
657 1707 720 1768 σὺν
739 1704 827 1790 αὑτῷ
846 1706 999 1787 Δαυίδης
1016 1703 1093 1789 περὶ

26 1829 54 1869 15
69 1812 352 1896 τετρακισχιλίους
383 1803 486 1895 ηὗρεν
518 1811 632 1892 ὄντας,
665 1809 726 1874 οὐκ
758 1811 842 1891 ε”γνω
871 1807 985 1892 μένειν
1017 1808 1089 1874 πότ’

70 1914 121 1982 ἐπ’
144 1917 246 1982 αὐτὸν
269 1913 530 1999 δἈβεσάλωμος
554 1917 647 2000 ἔλθη.
683 1913 845 2001 προσθεὶς
863 1909 900 1979 δὲ
923 1927 993 1992 τοῖς
1016 1911 1092 1981 οὖσι

68 2024 262 2109 χιλιάρχους
280 2020 335 2088 καὶ
351 2021 620 2107 ἑκατοντάρχους,
639 2020 694 2088 καὶ
710 2021 831 2086 διελὼν
850 2024 897 2099 είς
915 2025 990 2108 τρία
1009 2021 1091 2108 μέρη

69 2131 131 2213 τήν
155 2130 322 2216 στρατιάν,
345 2131 382 2194 τὸ
406 2125 468 2214 μέν
489 2137 534 2216 τῷ
553 2138 725 2218 στρατηγῶ
745 2127 938 2214 παρέδωκεν
958 2126 1091 2219 Ἰωάβω,

68 2239 107 2302 τὸ
132 2232 169 2301 δέ
191 2236 345 2324 τάδελφῷ
369 2235 472 2301 αὐτοῦ
487 2232 677 2325 Ἀβεσσαίῳ,
699 2237 762 2320 τήν
781 2232 818 2301 δὲ
836 2239 952 2322 τρίτην
970 2249 1091 2323 μοῖραν

25 2362 54 2403 20
70 2343 270 2429 ἐνεχείρισεν
288 2341 423 2432 Ἐθαίω,
447 2343 589 2425 συνήθει
613 2339 674 2431 μὲν
697 2345 770 2409 ὄντι
793 2341 849 2408 καί
872 2347 971 2432 φίλῳ,
995 2343 1031 2408 έκ
1054 2339 1092 2408 δὲ

68 2460 127 2534 τῆς
151 2454 279 2515 Γιττῶν
302 2450 429 2525 πόλεως
445 2434 643 2535 ’ὑπάρχοντά
690 2451 798 2532 <234>
823 2453 1031 2535 βουλόμενον
1054 2447 1091 2514 δὲ

69 2557 363 2642 συνεκστρατεύειν
396 2555 498 2619 αὐτὸν
531 2555 591 2619 οὐκ
624 2561 740 2620 εῖασαν
772 2557 807 2620 οί
834 2560 942 2639 φίλοι,
975 2558 1090 2640 γνώμη

66 2666 288 2748 κατασχόντες
307 2661 491 2746 σοφωτάτη.
536 2659 731 2743 νικηθέντες
752 2656 894 2747 μὲνγὰρ
919 2664 983 2725 σὺν
1001 2662 1090 2748 αὐτῷ

66 2779 179 2835 πάσαν
197 2768 379 2853 ἀποβαλεῖν
398 2767 515 2832 ἐλπίδα
533 2767 679 2851 χρηστήν
698 2769 858 2850 ἔφασκον·
881 2766 923 2830 ἀν
942 2764 973 2831 δ’
994 2766 1089 2851 ήττη-

26 2893 51 2934 25
66 2874 187 2952 θέντες
210 2873 261 2940 ένδ
284 2874 375 2962 μέρει
398 2882 457 2957 τῆς
480 2873 653 2956 δυνάμεως
680 2882 725 2962 τῷ
752 2879 857 2962 λοιπῷ
881 2874 963 2959 πρὸς
986 2873 1090 2937 αὐτὸν

66 2984 232 3067 φύγωσιν,
256 2982 416 3066 ἀμείνονα
440 2980 704 3064 παρασκευάσειν
728 2979 833 3046 αὐτὸν
857 2981 962 3064 ίσχύν.
1008 2979 1089 3044 ὑπο-

66 3091 203 3172 νοήσειν
232 3084 268 3153 δὲ
291 3084 346 3152 καὶ
369 3088 448 3162 τοὺς
470 3090 649 3171 πολεμίους
677 3089 764 3164 εἰκός
792 3086 882 3152 ἐστιν
911 3088 992 3152 ἀλλο
1017 3083 1086 3170 μετ’

66 3196 172 3262 αὐτοῦ
200 3195 387 3281 στράτευμα
415 3188 510 3258 εἶναι.
557 3194 674 3276 <235>
703 3190 854 3270 πεισθεὶς
882 3189 919 3257 δὲ
944 3201 983 3278 τη
1007 3209 1088 3277 συμ-

66 3307 188 3390 βουλίηι
210 3302 327 3386 ταύτῃ,
355 3297 469 3384 μένειν
492 3296 554 3383 μὲν
577 3299 677 3376 αὐτὸς
700 3299 736 3364 έν
759 3311 831 3376 ταῖς
854 3303 1088 3385 Παρεμβολαῖς

24 3427 51 3466 30
67 3412 209 3493 ἔκρινεν,
229 3406 402 3492 ἐκπέμπων
422 3402 459 3470 δὲ
477 3409 556 3483 τοὺς
574 3409 696 3490 φίλους
715 3403 770 3470 καὶ
788 3409 866 3482 τοὺς
885 3409 1091 3492 στρατηγοὺς
1168 3378 1187 3481 ξ

139 3526 556 3597 ςωῆωῶω.
