2400 3840
513 129 613 178 Em
1033 127 1076 192 63

56 286 166 364 οὕτως
179 296 337 372 παρῆκας,
355 289 600 373 διαχρήσασθαι
619 295 738 353 ποθῶν
756 287 811 353 καὶ
825 293 968 373 νομίζων
981 288 1077 355 πολέ-

56 417 151 478 μιον;
185 395 294 478 <289>
322 395 377 460 ὅτε
408 394 471 480 γάρ
504 412 566 460 σου
597 397 657 460 τὸν
683 393 830 477 πτέρυγα
857 405 917 459 τοῦ
946 397 1078 478 ίματίου

57 499 233 584 ἀπέτεμον,
256 502 329 565 τότε
353 515 415 565 σου
437 497 492 564 καὶ
515 500 577 581 τήν
598 501 747 585 κεφαλὴν
769 500 964 584 ήδννάμην.’
1009 499 1077 564 ἐπι-

58 604 170 683 δείξας
198 602 235 670 δδ
263 608 299 671 τὸ
328 605 428 688 ῥάκος
463 607 549 692 ἰδεῖν
574 608 744 672 πιστεύειν
771 618 935 691 παρεῖχεν.
987 603 1075 671 ’ἀλλ’

28 733 42 774 ι
58 712 124 794 ἐγὼ
145 709 206 796 μὲν
225 711 414 796 ἀπεσχόμην
428 713 558 789 δικαίας
576 712 719 796 ἀμύνης’
739 715 833 797 φησί,
853 712 906 777 ‘⁶6
926 709 964 777 δὲ
982 724 1078 796 μῖσος

57 819 178 883 ἀδικον
202 817 262 882 οὐκ
281 819 371 883 αίδεί
386 816 457 883 κατ’
479 818 561 903 ἐμοῦ
579 817 720 904 τρέφων.
765 822 846 896 θεὸς
863 829 967 885 ταῦτα
987 819 1078 883 δικολ-

58 941 139 1007 σειε,
161 921 216 989 καί
239 927 299 990 τὸν
322 923 478 1011 ἑκατέρου
501 928 626 1010 τρόπον
647 925 743 1010 ἡμῶν
766 925 926 1008 ἐλέγξειε.’
967 926 1077 1008 <290>

58 1031 216 1107 Σάουλος
239 1029 270 1095 δ’
292 1028 344 1096 ἐπὶ
368 1041 413 1119 τῷ
431 1032 606 1120 παραδόξῳ
626 1042 684 1115 τῆς
707 1037 870 1118 σωτηρίας
891 1033 1078 1117 θαυμάσας,

58 1134 116 1201 καὶ
139 1137 200 1219 τήν
217 1146 278 1202 τοῦ
297 1141 473 1203 νεανίσκου
491 1141 685 1224 μετριότητα
703 1137 758 1205 καὶ
777 1141 882 1222 φύσιν
897 1139 1078 1221 ἐκπλαγείς,

17 1262 46 1302 1⁰
59 1241 227 1330 ἀνῴμωξε.
282 1246 319 1310 τὸ
356 1241 387 1309 δ’
420 1244 500 1310 αὐτὸ
537 1245 692 1310 κάκείνου
723 1247 938 1328 ποιήσαντος,
976 1245 1078 1312 αὐτὸν

61 1344 149 1415 εἶναι
172 1351 303 1415 δίκαιον
326 1348 455 1417 στένειν
478 1351 689 1437 ἀπεκρίνατο·
714 1351 766 1417 ‘⁶6
789 1349 851 1436 μὲν
875 1352 949 1437 γάρ’
975 1356 1078 1435 φησίν

61 1454 219 1537 ’ἀγαθῶν
246 1459 351 1534 αἴτιός
378 1480 434 1541 μοι
462 1457 615 1541 γέγονας,
648 1458 711 1541 ἐγὼ
740 1454 777 1523 δὲ
804 1457 857 1524 σοί
886 1470 1079 1543 συμφορῶν.

61 1561 217 1641 ἐπεδείξω
246 1560 283 1627 δὲ
310 1561 365 1627 καὶ
389 1564 533 1649 σήμερον
556 1565 617 1647 τήν
640 1565 787 1650 ἀρχαίων
811 1568 927 1649 ἔχοντα
955 1567 1079 1630 σαυτὸν

61 1670 297 1752 δικαιοσύνην,
335 1668 371 1735 οἳ
403 1673 482 1746 τοὺς
519 1669 662 1757 ἐχθροὺς
699 1671 735 1737 ἐν
768 1671 885 1758 ἐρημία
917 1675 1080 1756 λαβόντας

19 1795 45 1833 1⁵
61 1777 180 1854 σώζειν
202 1777 441 1861 παρήγγελλον.
485 1779 595 1861 <291>
614 1775 789 1862 πέπεισμαι
808 1778 850 1860 δή
868 1788 933 1842 νῦν
952 1778 1001 1842 ὅτι
1026 1775 1078 1843 σολ
1159 1770 1164 1779 ’

60 1882 125 1964 τήν
152 1886 324 1967 βασιλείαν
352 1883 370 1948 6
398 1886 478 1960 θεὸς
504 1884 663 1966 φυλάττει
694 1882 759 1967 καὶ,
781 1883 949 1968 περιμένει
977 1880 1013 1947 σὲ
1041 1885 1078 1948 τὸ

61 1989 199 2053 πάντων
212 2000 280 2053 τῶν
290 1986 453 2074 Ἑβραίων
470 1989 598 2074 κράτος.
636 1990 694 2066 δὸς
712 1990 753 2072 δή
772 2013 828 2073 μοι
846 1993 972 2065 πίστεις
987 1987 1079 2073 ἐνόρ-

61 2117 146 2170 κους
167 2096 212 2178 μή
234 2118 300 2178 μου
322 2097 360 2161 τὸ
383 2094 480 2177 γένος
499 2094 706 2179 ἐξαφανίσαι,
728 2093 807 2180 μηδ’
829 2093 902 2179 ἐμοὶ
921 2112 1079 2180 μνησικα-

62 2209 189 2266 κοῦντα
207 2203 285 2278 τοὺς
305 2200 404 2285 ἐμοὺς
419 2200 577 2284 ἐκγόνους
596 2200 798 2285 ἐξαπολέσαι,
817 2212 956 2288 τηρήσαι
971 2199 1011 2267 δέ
1022 2225 1079 2286 μοι

21 2323 48 2362 2⁰
62 2304 120 2372 καὶ
145 2318 250 2380 σῶσαι
268 2310 328 2373 τὸν
346 2302 460 2373 οἶκον.’
494 2309 617 2394 ὀμόσας
634 2308 683 2393 δέ,
701 2310 814 2388 καθὼς
832 2309 960 2393 ήξίωκε,
974 2312 1080 2374 Δαυί-

63 2415 126 2495 δης
141 2413 298 2479 Σάουλον
311 2411 376 2498 μὲν,
387 2417 434 2491 είς
447 2415 509 2497 τήν
524 2417 614 2480 ἰδίαν
628 2415 770 2481 ἀπέλυσε
784 2421 966 2501 βασιλείαν,
981 2416 1081 2492 αὐτὸς

65 2515 104 2584 δὲ
117 2520 198 2603 μετά
216 2530 284 2585 τῶν
298 2523 361 2585 σὺν
376 2519 464 2607 αὐτῷ
479 2523 527 2596 είς
540 2521 602 2603 τὴν
616 2526 816 2607 Μασθηρῶν
834 2522 936 2607 ἀνέβη
952 2524 1079 2603 στενήν.

135 2626 245 2709 (292)
267 2625 474 2708 ἀποθνήσκει
498 2623 535 2690 δέ
558 2628 639 2690 κατὰ
662 2636 782 2691 τοῦτον
805 2629 864 2692 τὸν
886 2630 1003 2710 καιρὸν
1026 2626 1115 2693 nats

64 2732 266 2815 Σαμούηλος
294 2731 311 2796 6
338 2734 524 2817 προφήτης,
552 2731 635 2816 ἀνήρ
665 2730 705 2796 οὐ
731 2740 789 2814 τής
816 2733 978 2815 τυχούσης
1001 2732 1080 2801 ἀπο-

24 2853 49 2894 2⁵
65 2839 192 2914 λαύσας
210 2838 299 2922 παρὰ
316 2849 387 2915 τοῖς
405 2837 571 2924 Ἑβραίοις
589 2846 693 2922 τιμῆς.
725 2835 797 2903 ἀλλ’
819 2837 994 2922 ἑνεφάνισε
1011 2840 1079 2922 γὰρ

64 2943 128 3025 τήν
156 2942 276 3027 ἀρετήν
303 2943 406 3009 αὐτοῦ
433 2943 487 3009 καὶ
515 2945 576 3027 τήν
603 2953 663 3009 τοῦ
690 2946 842 3027 πλήθους
869 2947 952 3030 πρὸς
979 2943 1081 3009 αὐτὸν

65 3050 204 3115 εὔνοιαν
227 3052 264 3115 τὸ
287 3048 414 3127 πένθος
437 3050 454 3115 ὃ
480 3049 532 3116 ἐπὶ
555 3055 663 3116 πολὺν
685 3054 808 3136 χρόνον
832 3052 849 3117 6
873 3054 952 3127 λαὸς
973 3051 1081 3133 ήγετο,

64 3155 122 3221 καὶ
141 3155 162 3238 ἡ
182 3155 257 3240 περὶ
277 3158 339 3239 τήν
357 3157 467 3239 ταφήν
486 3156 589 3222 αὐτοῦ
612 3155 667 3223 καὶ
687 3159 749 3240 τήν
769 3169 837 3223 τῶν
857 3154 1082 3239 νομιζομένων

64 3261 304 3345 ἀναπλήρωσιν
333 3265 505 3345 φιλοτιμία
536 3285 571 3326 τε
603 3259 657 3325 καὶ
690 3263 828 3342 σπουδή.
879 3262 987 3344 <293>
1019 3264 1081 3326 θά-

23 3383 51 3423 ³⁰
65 3382 188 3432 πτουσι
212 3363 244 3431 δ’
269 3367 372 3434 αὐτὸν
396 3366 432 3432 ἐν
454 3377 493 3453 τή
516 3369 652 3452 πατρίδι
672 3364 831 3454 Ἀρμαθᾷ,
853 3365 908 3431 καί
927 3366 981 3433 ἐπὶ
1003 3376 1082 3434 πολ-

141 3492 275 3554 ςιειε
297 3487 562 3556 1Reg.XX1V1·2.
