2400 3840
508 124 660 175 EBAOMH
1048 125 1091 188 93

67 279 234 368 Ἑβραίων
256 283 424 368 πράγμασι
448 283 570 368 βλάβη,
598 283 829 370 στερηθέντων
850 294 911 349 τοῦ
933 283 989 350 καὶ
1013 304 1092 351 συν-

72 385 162 471 έχειν
188 388 273 452 αὐτά
298 387 354 453 καὶ
382 391 498 467 σώζειν
521 393 658 474 βουλαῖς
685 388 714 455 τ’
740 391 890 476 ἀρίσταις
916 389 971 455 καὶ
998 392 1091 476 ῥώμη

71 505 195 580 χειρῶν
209 493 246 559 ἐν
259 507 330 571 τοῖς
343 501 533 579 πολεμικοῖς
547 499 657 582 ἔργοις
671 495 870 580 δυναμένου.
899 498 987 581 <45>
998 497 1092 563 ’ἀλλά

70 602 153 677 θεὸς
175 599 248 686 μέν’
273 596 378 685 εἶπεν,
407 595 444 689 ‘95
472 601 562 685 μέλει
590 603 739 686 πάντων,
767 604 828 668 οὐκ
856 603 944 669 ἐάσει
972 614 1092 670 τοῦτον

42 707 154 790 οὑμῖν
172 707 396 791 ἀνεκδίκητον.
439 707 617 773 ἐπίστασθε
637 707 668 773 δ’
690 710 734 786 ὡς
753 706 854 774 οὐδὲν
875 709 938 793 ε’γὼ
955 709 1091 796 Ἰώαβον

70 811 127 878 καὶ
155 810 346 898 Ἀβεσσαῖον
375 816 454 890 τοὺς
481 818 652 901 Σαρουίας
683 817 805 892 παῖδας
837 829 946 882 ποιεῖν
978 818 1091 894 ίκανός

71 921 150 1003 εἰμι,
173 918 275 985 πλέον
294 919 375 1004 ἐμοῦ
395 920 611 1005 δυναμένους.
649 919 722 987 ἀλλ’
743 921 908 988 ἀποδώσει
927 923 988 1006 τὴν
1006 920 1089 1009 ὑπὲρ

71 1035 140 1089 τῶν
163 1025 413 1110 τετολμημένων
436 1025 550 1104 αὐτοῖς
573 1028 716 1112 ἀμοιβὴν
738 1030 775 1094 τὸ
799 1027 917 1094 θεῖον.’

139 1129 194 1194 καὶ
220 1129 416 1218 Ἀβέννηρος
443 1130 504 1217 μὲν
537 1137 584 1210 εἰς
610 1143 743 1200 τοιοῦτο
770 1133 966 1220 κατέστρεψε
998 1134 1091 1212 τέλος

32 1258 58 1297 ιο
71 1238 131 1302 τὸν
150 1240 238 1321 βίον·
257 1239 344 1322 <46>
357 1238 501 1316 ἀκούσας
521 1237 563 1305 δέ.
576 1241 638 1324 τὴν
650 1241 807 1324 τελευτὴν
826 1240 929 1306 αὐτοῦ
946 1241 964 1306 ὁ
979 1243 1090 1306 Σαού-
1109 1247 1130 1308 2

71 1349 134 1408 λου
157 1355 235 1421 παῖς
255 1343 423 1430 Ἰέβοσθος
446 1346 487 1411 οὐ
509 1344 623 1433 πράως
645 1347 793 1430 ἤνεγκεν,
817 1347 939 1432 ἀνδρὸς
961 1346 1091 1432 ἐστερη-

71 1448 171 1534 μένος
190 1461 374 1533 συγγενοῠς
396 1451 451 1517 καὶ
474 1452 536 1536 τὴν
554 1456 726 1537 βασιλείαν
744 1452 833 1541 αὐτῷ
852 1456 1090 1539 παρασχόντος,

71 1553 146 1621 ἀλλ’
171 1556 418 1642 ὑπερεπάθησε,
442 1557 497 1623 καὶ
520 1563 597 1625 λίαν
620 1560 722 1626 αὐτὸν
746 1561 918 1643 ὠδύνησεν
941 1561 959 1626 ὁ
980 1558 1089 1644 Ἀβεν-

70 1663 178 1747 νήρου
201 1664 356 1741 θάνατος.
403 1665 522 1750 ἐπεβίω
546 1665 577 1731 δ’
603 1665 678 1731 οὐδ’
704 1666 804 1743 αὐτὸς
826 1670 934 1732 πολὺν
956 1669 1089 1750 χρόνον,

32 1787 57 1826 1⁵
72 1766 145 1833 ἀλλ’
170 1770 235 1835 ὑπο
258 1782 327 1835 τῶν
346 1769 560 1857 Ἱερέμμωνος
581 1773 681 1854 υίῶν,
705 1767 753 1837 ὧν
775 1781 820 1859 τῷ
844 1768 905 1855 μέν
928 1773 1089 1835 Βαναόθα

70 1883 116 1962 τῷ
141 1872 173 1938 δ’
199 1873 298 1965 ἑτέρῳ
324 1877 455 1954 Θάννος
478 1880 583 1961 όνομα
605 1872 663 1960 ἦν,
689 1873 942 1961 ἐπιβουλευθεὶς
964 1874 1089 1940 ἀπέθα-

70 2004 138 2045 νεν.
184 1982 271 2064 <47>
294 1978 387 2048 οὗτοι
415 1984 478 2068 γάρ
502 1985 596 2059 όυτες
619 1985 657 2049 τὸ
685 1979 748 2066 μὲν
775 1980 873 2066 γένος
895 1985 1089 2065 Βενιαμῖται

69 2095 131 2150 τοῦ
155 2083 192 2151 δὲ
214 2088 349 2173 πρώτου
370 2088 549 2172 τάγματος,
572 2089 785 2174 λογισάμενοι
809 2085 840 2153 δ’
866 2087 921 2170 ὡς,
945 2085 987 2151 ἀν
1009 2086 1089 2152 ἀπο-

69 2195 223 2257 κτείνωσι
251 2195 310 2259 τὸν
330 2191 515 2278 Ἰέβοσθον,
542 2194 695 2277 μεγάλων
721 2195 810 2280 παρά
835 2194 990 2259 Δαυίδου
1016 2194 1088 2258 τεό-

31 2317 58 2356 εο
72 2295 185 2374 ξονται
209 2301 344 2385 δωρεῶν
366 2297 421 2364 καὶ
444 2305 643 2386 στρατηγίας
665 2302 686 2383 ἀλ
709 2325 800 2380 τινος
823 2303 924 2384 ἀλλης
949 2303 1089 2376 πίστεως

70 2399 215 2488 τοῦργον
243 2406 356 2482 αὐτοῖς
384 2408 474 2471 ἔσται
501 2406 579 2494 παρ’
606 2408 694 2496 αὐτῷ
723 2415 846 2491 αίτιον,
872 2408 960 2491 <48>
983 2410 1088 2492 μόνον

69 2511 225 2596 εὑρόντες
247 2515 508 2597 μεσημβρίζοντα
529 2510 584 2577 καὶ
602 2515 810 2598 κοιμώμενον
832 2515 892 2578 τὸν
907 2511 1088 2597 Ἰέβοσθον,

68 2614 126 2680 καὶ
153 2617 233 2700 μήτε
260 2621 339 2694 τοὺς
366 2620 516 2702 φύλακας
543 2621 710 2703 παρόντας
738 2620 817 2702 μήτε
844 2618 906 2699 την
928 2621 1088 2703 θυρωρὸν

69 2719 307 2808 ἐγρηγορυῖαν,
335 2724 418 2789 ἀλλά
445 2722 501 2789 καὶ
528 2723 633 2806 αὐτὴν
661 2725 726 2789 ὑπό
753 2746 788 2787 τε
814 2731 874 2786 τοῦ
901 2724 1007 2792 κόπου
1032 2721 1088 2787 καὶ

27 2847 55 2887 25
68 2837 129 2912 της
157 2827 312 2913 ἐργασίας
338 2829 381 2912 ἣν
408 2832 639 2915 μετεχειρίζετο
670 2826 725 2893 καὶ
752 2836 812 2894 τοῦ
844 2829 1009 2911 καύματος
1042 2830 1088 2905 είς

67 2933 178 2999 ὕπνον
200 2944 462 3019 καταπεσοῦσαν,
485 2939 711 3022 παρελθόντες
734 2937 781 3012 είς
803 2937 840 3000 τὸ
860 2934 1028 3018 δωμάτιον
1052 2933 1088 2999 ἐν

67 3033 96 3127 ᾧ
110 3039 288 3125 συνέβαινε
304 3048 606 3127 κατακεκοιμῆσθαι
625 3045 684 3108 τὸν
698 3043 855 3107 Σαούλου
872 3043 985 3123 παῖδα,
1003 3045 1087 3105 κτεί-

67 3162 189 3211 νουσιν
208 3148 319 3213 αὐτόν.
356 3149 444 3232 <49>
462 3146 517 3213 καὶ
536 3150 597 3232 τὴν
615 3149 763 3233 κεφαλὴν
782 3147 1008 3231 ἀποτεμόντες,
1031 3144 1086 3211 καὶ

68 3250 115 3317 δι’
142 3253 220 3335 ὅλης
242 3263 301 3339 τῆς
322 3257 442 3332 νυκτὸς
469 3252 525 3320 καὶ
550 3255 673 3341 ἡμέρας
700 3254 916 3337 ποιησάμενοι
944 3252 1006 3335 τὴν
1029 3274 1087 3318 πο-

23 3362 165 3444 εορείαν
188 3360 233 3437 ὡς
255 3359 297 3425 ἀν
320 3363 501 3446 φεύγοντες
529 3361 564 3426 ἐκ
591 3373 659 3426 τῶν
685 3357 895 3444 ἠδικημένων
922 3361 1005 3445 πρὸς
1027 3363 1087 3426 τὸν

142 3483 498 3553 ςωωηωωω
