2400 3840
120 150 184 214 154
486 152 760 205 ΑΡΧΔΙΟΛΟΓῙΔΣ

115 311 170 378 καὶ
197 311 365 397 ἠντιβόλει
396 311 458 396 τήν
490 312 594 399 ὀργήν
626 313 674 391 είς
705 297 808 378 αὑτὸν
836 308 891 376 καὶ
923 313 986 396 τήν
1015 313 1133 396 γενεάν

116 417 220 485 αὐτοῦ
242 427 352 485 πᾶσαν
374 418 607 503 ἀποσκήπτειν,
630 418 808 502 φείδεσθαι
830 415 869 484 δὲ
889 428 952 484 τοῦ
975 424 1070 485 λαοῦ.

80 543 98 593 4
182 524 300 609 <329>
328 525 533 604 κατακούσας
559 521 590 589 δ’
620 525 639 590 ὁ
666 526 747 602 θεὸς
773 533 832 610 τής
860 526 984 602 ἱκεσίας
1011 527 1134 590 ἔπαυσε

113 634 175 697 τὸν
193 634 321 715 λοιμόν,
339 630 394 696 καὶ
412 629 542 716 πέμψας
559 630 671 696 Γάδον
687 632 747 698 τὸν
767 632 942 717 προφήτην
961 629 1134 698 ἐκέλευσεν

116 736 219 803 αὐτὸν
246 735 410 822 ἀναβῆναι
436 745 635 822 παραχρῆμα
666 737 714 813 είς
742 737 804 820 τήν
831 738 898 802 ἅλω
926 745 987 802 τοῦ
1013 734 1156 821 Ἰεβουι

116 845 213 909 σαίου
231 840 379 929 Ὀρόννα,
400 840 456 907 καί
479 843 744 927 οἰκοδομήσαντα
766 845 881 928 βωμὸν
904 841 972 908 ἐκεῖ
993 852 1039 930 τῷ
1063 850 1132 931 ’θεῷ

115 952 242 1015 θυσίαν
260 945 452 1014 ἐπιτελέσαι.
492 949 644 1031 Δαυίδης
662 945 693 1012 δ’
714 948 858 1027 ἀκούσας
878 949 940 1014 ούκ
958 947 1132 1033 ήμέλησεν,

115 1051 187 1121 ἀλλ’
222 1053 327 1130 εὐθὺς
363 1056 522 1119 ἔσπευσεν
559 1051 612 1119 έπὶ
642 1055 703 1120 τὸν
734 1053 1006 1141 παρηγγελμένον
1043 1056 1132 1143 αὐτῷ

113 1162 226 1226 τόπον.
267 1159 377 1243 <330>
398 1157 554 1246 ’Θρόννας
576 1156 613 1225 δὲ
634 1162 696 1225 τὸν
718 1173 812 1226 σῖτον
835 1161 955 1246 ἀλοῶν,
979 1159 1050 1227 ἐπεὶ
1073 1163 1133 1227 τὸν

114 1264 252 1350 βασιλέα
265 1266 447 1352 προσιόντα
464 1263 519 1331 καὶ
538 1268 616 1343 τοὺς
633 1268 754 1344 παῖδας
769 1266 873 1333 αύτοῦ
891 1267 1018 1345 πάντας
1036 1267 1132 1333 έθεά-
1145 1289 1168 1328 ιο

113 1388 206 1456 σατο,
228 1370 457 1459 προσέδραμεν
479 1372 568 1459 αὐτῷ
590 1369 646 1436 καὶ
668 1373 922 1459 προσεκύνησεν.
965 1367 1009 1457 ήν
1034 1370 1071 1439 δὲ
1094 1375 1131 1439 τὸ

113 1476 176 1563 μέν
194 1476 291 1562 γένος
306 1475 514 1562 Ἰεβουσαῖος,
539 1480 638 1563 φίλος
661 1475 691 1543 δ’
719 1477 756 1544 ἐν
777 1490 847 1556 τοῖς
865 1479 1006 1564 μάλιστα
1025 1483 1134 1545 Δαυί-

115 1585 188 1668 δου,
210 1581 266 1648 καὶ
290 1585 346 1649 διά
368 1581 457 1649 τοῦτ’
483 1583 587 1650 αὐτὸν
608 1581 710 1650 οὐδέν
733 1585 907 1671 εἰργάσατο
928 1585 1053 1671 δεινόν,
1076 1587 1132 1653 ὅτε

114 1689 176 1773 τήν
198 1693 297 1756 πόλιν
318 1688 571 1775 κατεστρέψατο,
594 1690 639 1767 ὡς
661 1691 781 1776 μικρὸν
800 1676 990 1777 ἔμπροσθεν
1008 1691 1134 1776 έδηλώ·

114 1812 228 1882 σαμεν.
278 1796 395 1881 <331>
423 1805 483 1863 τοῦ
510 1794 542 1862 δ’
565 1794 702 1883 ’Θρόννα
729 1795 926 1882 πυθομένου
944 1781 988 1863 Ιτί
1013 1803 1133 1886 παρείη
1146 1818 1169 1860 τι

116 1906 200 1991 πρὸς
226 1906 286 1971 τὸν
313 1905 437 1971 δοῦλον
464 1905 481 1970 ὁ
511 1905 685 1988 δεσπότης,
715 1897 807 1969 εἶπεν
834 1904 1024 1988 ὠνήσεσθαι
1053 1903 1131 1993 παρ’

116 2011 220 2077 αὐτοῦ
242 2012 304 2094 τήν
327 2011 406 2095 άλω,
431 2011 519 2087 όποσς
541 2011 656 2095 βωμὸν
675 2008 712 2075 ἐν
730 2009 813 2096 αὐτῇ
832 2011 1070 2076 κατασκευάσει
1080 2021 1134 2100 τῷ

114 2123 186 2203 θεῷ
217 2115 273 2181 καὶ
304 2118 434 2198 ποιήσει
467 2119 602 2182 θυσίαν.
650 2115 668 2181 δ
697 2112 734 2181 δὲ
760 2114 816 2181 καὶ
846 2117 908 2200 τήν
939 2117 1007 2182 άλω
1042 2114 1135 2184 εἶπεν

117 2221 206 2307 αύτῷ
232 2218 287 2285 καὶ
314 2220 355 2283 τά
382 2221 506 2306 άροτρα
533 2219 589 2285 καὶ
615 2223 694 2297 τοὺς
720 2225 803 2306 βοῦς
832 2224 879 2299 είς
907 2222 1134 2290 ὁλοκαύτωσιν

117 2327 325 2411 χαρίζεσθαι,
347 2321 403 2389 καὶ
425 2327 485 2390 τὸν
507 2326 592 2390 θεὸν
613 2324 720 2409 ἡδέως
742 2328 899 2412 εὔχεσθαι
921 2329 983 2412 τήν
1006 2334 1134 2396 θυσίαν
1148 2350 1173 2390 το

118 2427 313 2516 προσέσθαι.
358 2429 467 2526 <332>
496 2431 513 2497 ὁ
542 2427 579 2496 δὲ
606 2435 762 2516 βασιλεὺς
788 2431 919 2516 ἀγαπᾶν
946 2432 1007 2519 μέν
1031 2437 1135 2502 αὐτὸν

117 2545 176 2622 τῆς
194 2536 376 2621 ἁπλότητος
392 2534 520 2622 καὶτῆς
538 2543 784 2624 μεγαλοψυχίας
803 2543 893 2623 ἔλεγε
906 2539 961 2605 καὶ
976 2541 1134 2626 δέχεσθαι

118 2644 181 2729 τήν
207 2644 320 2732 χάριν,
347 2644 446 2730 τιμήν
469 2643 500 2711 δ’
526 2646 629 2713 αὐτὸν
655 2645 752 2730 ήξίου
779 2647 961 2731 λαμβάνειν
982 2648 1134 2740 πάντων·

118 2751 160 2816 ού
183 2754 245 2838 γάρ
269 2748 354 2820 εἶναι
378 2741 508 2821 δίκαιον
526 2737 647 2840 προῖκα
665 2757 792 2819 θυσίαν
811 2752 980 2818 ἐπιτελεῖν.
1020 2763 1080 2819 τοῦ
1101 2753 1132 2820 δ’

116 2855 254 2944 ’Θρόννα
286 2862 454 2944 φήσαντος
484 2871 595 2926 ποιεῖν
624 2860 642 2925 ὅ
669 2882 701 2924 τι
731 2860 899 2943 βούλεται,
929 2861 1135 2943 πεντήκοντα
1149 2879 1177 2920 ει·

119 2967 243 3030 σίκλων
266 2965 399 3029 ὠνεῖται
421 2962 498 3051 παρ’
525 2965 628 3029 αὐτοῦ
649 2964 711 3046 τήν
734 2965 813 3048 ἀλα,
835 2965 944 3049 <333>
965 2963 1020 3030 καὶ
1045 2968 1135 3032 οἰκο-

120 3071 265 3154 δομήσας
291 3071 351 3134 τὸν
378 3071 492 3154 βωμὸν
525 3069 719 3155 ἱερούργησε
749 3068 804 3135 καὶ
835 3071 1051 3136 ὡλοκαύτωσε
1078 3071 1135 3138 καὶ

117 3179 241 3253 θυσίας
254 3174 436 3258 ἀνήνεγκεν
454 3175 630 3259 εἰρηνικάς.
666 3174 929 3261 καταπραΰνεται
948 3174 986 3242 δέ
1001 3180 1135 3256 τούτοις

117 3281 155 3344 τὸ
183 3288 296 3366 θεῖον,
322 3278 378 3346 καὶ
404 3279 506 3346 πάλιν
534 3277 668 3365 εὐμενές
695 3284 830 3364 γίνεται.
875 3281 998 3368 συνέβη
1026 3281 1057 3348 δ’
1086 3287 1135 3362 είς

118 3382 247 3451 ἐκεῖνον
270 3387 408 3470 ἀγαγεῖν
435 3387 495 3451 τὸν
521 3389 625 3452 τόπον
643 3385 813 3474 ’Ἅβραμον
840 3389 900 3454 τὸν
926 3389 1004 3454 υίὸν
1029 3389 1134 3456 αύτοῦ
1148 3409 1175 3450 so

190 3510 275 3571 §329
297 3533 330 3552 =
349 3506 448 3576 2Reg.
467 3505 558 3562 XXIV
573 3514 615 3564 18.
