2400 3840
114 131 182 196 330
486 129 760 182 ΔΡΧΔΙοΛοειΑΣ

115 301 226 358 πᾶσαν
248 293 310 374 την
331 291 453 376 χώραν,
476 292 602 376 χρυσὸν
623 287 679 354 καί
701 290 853 373 ἀργυρον
876 292 962 368 τοὺς
986 288 1139 376 βουλομέ-
1180 347 1182 371 ,

116 422 200 475 νους
222 395 372 462 ἐκέλευσε
393 398 540 478 κομίζειν
567 397 615 472 είς
640 393 815 476 ἐπισκευὴν
842 404 908 459 τοῦ
932 407 1039 480 ναοῦ,
1067 399 1139 463 ὅσον

116 529 167 581 τις
185 500 442 587 ἣπροαιρέσεως
459 499 480 584 ἢ
499 502 672 585 δυνάμεως
690 503 767 584 έχοι.
803 499 893 582 <55>
907 502 1140 586 κομισθέντων

117 606 156 674 δὲ
178 620 246 673 τῶν
268 607 454 693 χρημάτων,
476 616 535 690 τῆς
553 605 738 691 ἐπιμελείας
755 615 816 671 τοῦ
832 615 921 672 ναοῦ
940 607 1002 673 καὶ
1023 619 1081 693 τῆς
1097 611 1140 685 είς

117 724 216 780 τοῦτο
239 713 389 796 δαπάνης
409 713 597 798 προύστησε
618 715 679 778 τόν
697 709 727 777 τ’
748 710 802 777 ἐπὶ
819 721 880 795 τῆς
898 716 1035 792 πόλεως
1050 713 1159 799 Ἅμα-ι

119 825 196 886 σίαν
218 819 273 885 καὶ
296 821 356 885 τὸν
377 818 568 904 γραμματέα
591 820 715 903 Σαφάν
742 816 797 883 καὶ
823 819 884 883 τὸν
912 821 1052 905 γραφέα
1078 832 1140 886 τῶν

118 925 364 1010 ὑπομνημάτων
373 922 510 1008 Ἰωάτην
527 923 583 990 καὶ
601 926 661 991 τδν
678 922 831 1010 ἀρχιερέα
845 922 1039 992 Ἐλιακίαν·
1060 927 1140 1009 <56>

118 1036 155 1097 οἳ
170 1027 274 1115 μηδὲν
291 1028 471 1112 ὑπερθέσει
489 1029 567 1115 μηδ’
588 1031 736 1116 ἀναβολῇ
754 1031 879 1113 δόντες,
903 1029 1139 1117 ἀρχιτέκτονας

117 1135 173 1202 καὶ
194 1133 297 1201 πένθ’
325 1134 387 1200 ὅσα
409 1137 493 1221 πρὸς
515 1136 577 1219 την
596 1134 772 1219 ἐπισκευὴν
789 1137 934 1220 χρήσιμα
952 1154 1139 1223 παρασκευ

118 1241 271 1325 ἀσαντες,
298 1246 427 1326 εἴχοντο
453 1251 522 1306 τῶν
549 1243 665 1327 ἔργων.
709 1238 765 1305 καὶ
792 1241 810 1306 ὁ
838 1237 900 1325 μέν
928 1244 1014 1320 ναὸς
1038 1244 1138 1319 ούτως
1149 1260 1168 1299 1⁰

119 1347 371 1426 ἐπισκευασθεὶς
401 1349 463 1430 την
493 1356 554 1413 τοῦ
585 1345 748 1431 βασιλέως
779 1345 951 1430 εὐσέβειαν
986 1351 1138 1434 φανερὰν

83 1453 287 1537 κέποί-ησεν·
316 1454 403 1538 <5Ἰ>
425 1455 548 1536 ὄγδοον
570 1450 602 1518 δ’
627 1452 692 1534 ῆδη
713 1448 769 1516 καὶ
797 1449 937 1516 δέκατον
961 1462 1026 1536 τῆς
1048 1459 1138 1538 βασι-

118 1563 209 1635 λείας
232 1562 305 1636 έτος
329 1561 414 1643 ἔχων
440 1558 560 1643 πέμπει
586 1559 670 1643 πρὸς
687 1555 856 1622 Ἐλιακίαν
882 1558 943 1622 τὸν
972 1558 1137 1644 ἀρχιερέα,

118 1665 264 1731 κελεύων
281 1667 319 1730 τὸ
333 1666 488 1749 περιττὸν
501 1675 570 1730 τῶν
582 1663 759 1749 χρημάτων
771 1664 985 1749 χωνεύσαντα
1000 1675 1136 1750 ποιῆσαι

118 1781 284 1858 κρατῆρας
304 1769 360 1836 καὶ
384 1771 543 1838 σπονδεῖα
564 1767 621 1835 καὶ
644 1769 766 1853 φιάλας
796 1770 843 1846 είς
865 1769 926 1852 τῆν
950 1770 1136 1853 διακονίαν,
1147 1786 1168 1828 1⁵

120 1880 169 1943 ἔτι
192 1874 230 1943 δὲ
251 1875 306 1943 καὶ
330 1874 408 1955 ὅσος
430 1876 472 1943 ἀν
495 1872 656 1964 ᾗχρυσδς
679 1875 717 1941 έν
738 1886 809 1952 τοῖς
826 1882 1014 1959 θησαυροῖς
1038 1875 1060 1959 ἢ
1082 1878 1137 1962 ἀρ-

119 2007 236 2070 γυρος,
268 1981 323 2049 καὶ
354 1991 474 2049 τοῦτον
505 1985 752 2068 προκομίσαντα
784 1983 833 2058 είς
860 1983 939 2056 τοὺς
970 1991 1137 2067 κρατῆρας

120 2090 243 2173 ὁμοίως
267 2086 324 2153 καὶ
350 2089 549 2153 τὰτοιαῦτα
577 2089 676 2170 σκεύη
700 2087 896 2169 δαπανῆσαι.
941 2085 1030 2168 <58>
1057 2110 1137 2172 προ-

118 2197 260 2276 κομίζων
275 2189 312 2257 δὲ
325 2195 385 2257 τὸν
402 2195 529 2277 χρυσὸν
546 2193 750 2279 δάρχιερεὺς
760 2190 923 2267 Ἐλιακίας
942 2190 1136 2276 ἐντυγχάνει

119 2308 192 2373 ταῖς
208 2298 312 2379 ἱεραῖς
330 2298 460 2379 βίβλοις
476 2308 550 2373 ταῖς
567 2296 734 2374 Μωυσέος
753 2297 790 2363 έν
807 2307 852 2384 τῷ
870 2306 940 2384 ναῷ
958 2295 1136 2382 κειμέναις,
1149 2317 1171 2357 ν

118 2399 174 2470 καί
205 2403 409 2486 προκομίσας
438 2401 557 2466 δίδωσι
587 2409 633 2489 τῷ
665 2415 850 2488 γραμματεῖ
874 2402 1008 2486 Σαφάν.
1055 2404 1073 2469 ὃ
1103 2403 1134 2468 δ’

119 2509 286 2592 ἀναγνοὺς
303 2510 520 2594 παραγίνεται
537 2509 620 2594 πρὸς
635 2509 696 2575 τὸν
709 2507 856 2594 βασιλέα,
874 2506 928 2572 καὶ
946 2508 1052 2574 πάνθ’
1074 2511 1137 2575 ὅσα

119 2619 283 2684 κελεύσειε
301 2613 460 2700 γενέσθαι
479 2615 574 2694 τέλος
592 2617 709 2701 έχοντα
730 2614 862 2697 έδῆλου,
884 2613 1082 2698 παρανέγνω
1102 2614 1133 2680 δ’

120 2722 275 2810 αὐτῷκαὶ
291 2725 350 2801 τὰς
368 2727 516 2809 βίβλους.
548 2723 635 2807 <59>
654 2723 798 2798 ἀκούσας
811 2717 849 2784 δέ
866 2718 920 2804 καὶ
939 2720 1136 2806 περιρρηξά-

120 2852 221 2912 μενος
242 2830 303 2912 την
326 2828 462 2913 ἐσθῆτα,
484 2831 545 2896 τὸν
563 2827 717 2915 ἀρχιερέα
738 2824 878 2903 καλέσας
893 2823 1061 2892 Ἐλιακίαν
1080 2824 1134 2891 καὶ
1148 2844 1172 2886 ω

119 2933 223 2998 αὐτὸν
251 2935 311 2999 τὸν
337 2933 528 3017 γραμματέα
554 2932 610 2999 καὶ
635 2945 704 2998 τῶν
730 2932 998 3014 ἀναγκαιοτάτων
1026 2936 1137 3015 φίλων

119 3041 214 3116 τινάς
240 3042 363 3123 έπεμψε
389 3042 473 3124 πρὸς
496 3039 557 3121 την
583 3048 752 3122 προφῆτιν
771 3037 903 3121 Ὀλδάν,
929 3050 1073 3120 γυναῖκα
1099 3036 1137 3104 δέ

120 3146 334 3229 Σαλλούμου,
356 3155 423 3209 τῶν
447 3142 484 3208 έν
507 3141 586 3225 δόξη
608 3144 700 3220 τινὸς
722 3141 777 3209 καὶ
801 3142 846 3208 δι’
873 3142 1044 3227 εὐγένειαν
1067 3145 1137 3211 έπι-

120 3261 260 3334 φανούς,
282 3248 338 3315 καὶ
361 3250 610 3335 προσελθόντας
631 3245 762 3314 ἐκέλευε
784 3247 919 3332 [λέγειν]
940 3250 1137 3316 ίλάσκεσθαι

119 3356 179 3420 τὸν
201 3358 285 3422 θεὸν
307 3353 362 3421 καὶ
385 3359 563 3439 πειρᾶσθαι
586 3364 697 3418 ποιεῖν
715 3355 848 3439 εὐμενῆ·
872 3353 948 3432 δέος
966 3359 1029 3442 γὰρ
1050 3353 1136 3423 εἶναι
1150 3375 1176 3415 ³⁰

191 3471 865 3546 §55=4Reg.xxfl3;21³aral.xxxlv8.

306 3723 412 3746 A
