<?xml version="1.0" encoding="UTF-8"?>
<!DOCTYPE html PUBLIC "-//W3C//DTD XHTML 1.0 Transitional//EN"
    "http://www.w3.org/TR/xhtml1/DTD/xhtml1-transitional.dtd">
<html xmlns="http://www.w3.org/1999/xhtml" xml:lang="en" lang="en">
 <head>
  <title>
</title>
<meta http-equiv="Content-Type" content="text/html;charset=utf-8" />
  <meta name='ocr-system' content='tesseract 3.04.00' />
  <meta name='ocr-capabilities' content='ocr_page ocr_carea ocr_par ocr_line ocrx_word'/>
</head>
<body>
  <div class='ocr_page' id='page_1' title='image "./operaomniaposti03nabegoog_0167.png"; bbox 0 0 2400 3840; ppageno 0'>
   <div class='ocr_carea' id='block_1_1' title="bbox 504 130 1091 197">
    <p class='ocr_par' dir='ltr' id='par_1_1' title="bbox 504 130 1091 197">
     <span class='ocr_line' id='line_1_1' title="bbox 504 130 1091 197; baseline 0.002 -16"><span class='ocrx_word' id='word_1_1' title='bbox 504 130 656 182; x_wconf 73' lang='grc' dir='ltr'><em>ΕΒΔοιιΗ</em></span> <span class='ocrx_word' id='word_1_2' title='bbox 1025 132 1091 197; x_wconf 82' lang='lat'><em>115</em></span> 
     </span>
    </p>
   </div>
   <div class='ocr_carea' id='block_1_2' title="bbox 14 287 1121 3454">
    <p class='ocr_par' dir='ltr' id='par_1_2' title="bbox 14 287 1121 3454">
     <span class='ocr_line' id='line_1_2' title="bbox 66 287 1089 384; baseline 0.009 -33"><span class='ocrx_word' id='word_1_3' title='bbox 66 290 133 363; x_wconf 84' lang='grc' dir='ltr'><em>θὺς</em></span> <span class='ocrx_word' id='word_1_4' title='bbox 161 289 274 370; x_wconf 84' lang='grc' dir='ltr'><em>άγεται</em></span> <span class='ocrx_word' id='word_1_5' title='bbox 302 296 458 373; x_wconf 87' lang='grc' dir='ltr'><em>γυναῖκα,</em></span> <span class='ocrx_word' id='word_1_6' title='bbox 485 287 541 356; x_wconf 83' lang='grc' dir='ltr'><em>καὶ</em></span> <span class='ocrx_word' id='word_1_7' title='bbox 568 301 645 368; x_wconf 89' lang='grc' dir='ltr'><em>παῖς</em></span> <span class='ocrx_word' id='word_1_8' title='bbox 672 293 779 378; x_wconf 83' lang='grc' dir='ltr'><em>άρρην</em></span> <span class='ocrx_word' id='word_1_9' title='bbox 808 290 841 370; x_wconf 82' lang='grc' dir='ltr'><em>ἐξ</em></span> <span class='ocrx_word' id='word_1_10' title='bbox 869 293 971 376; x_wconf 80' lang='grc' dir='ltr'><em>αὐτῆς</em></span> <span class='ocrx_word' id='word_1_11' title='bbox 998 295 1089 384; x_wconf 79' lang='grc' dir='ltr'><em>αύτιβ</em></span> 
     </span>
     <span class='ocr_line' id='line_1_3' title="bbox 66 397 203 474; baseline 0.007 -17"><span class='ocrx_word' id='word_1_12' title='bbox 66 397 203 474; x_wconf 90' lang='grc' dir='ltr'><em>γίνεται.</em></span> 
     </span>
     <span class='ocr_line' id='line_1_4' title="bbox 134 499 1121 591; baseline 0.01 -27"><span class='ocrx_word' id='word_1_13' title='bbox 134 499 244 584; x_wconf 80' lang='grc'>&lt;147&gt;</span> <span class='ocrx_word' id='word_1_14' title='bbox 258 510 379 567; x_wconf 84' lang='grc' dir='ltr'><em>τοῦτον</em></span> <span class='ocrx_word' id='word_1_15' title='bbox 402 503 462 586; x_wconf 75' lang='grc' dir='ltr'><em>οὐχ</em></span> <span class='ocrx_word' id='word_1_16' title='bbox 480 501 587 586; x_wconf 73' lang='grc' dir='ltr'><em>ἡδέως</em></span> <span class='ocrx_word' id='word_1_17' title='bbox 606 502 736 568; x_wconf 89' lang='grc' dir='ltr'><em>έπεῖδεν</em></span> <span class='ocrx_word' id='word_1_18' title='bbox 754 504 772 570; x_wconf 85' lang='grc' dir='ltr'>ὁ</span> <span class='ocrx_word' id='word_1_19' title='bbox 791 505 872 581; x_wconf 82' lang='grc' dir='ltr'><em>θεὸς</em></span> <span class='ocrx_word' id='word_1_20' title='bbox 890 507 949 570; x_wconf 79' lang='grc' dir='ltr'><em>τὸν</em></span> <span class='ocrx_word' id='word_1_21' title='bbox 967 506 1086 591; x_wconf 91' lang='grc' dir='ltr'><em>γάμου,</em></span> <span class='ocrx_word' id='word_1_22' title='bbox 1105 526 1121 574; x_wconf 89' lang='grc'><strong>3</strong></span> 
     </span>
     <span class='ocr_line' id='line_1_5' title="bbox 65 604 1086 699; baseline 0.007 -30"><span class='ocrx_word' id='word_1_23' title='bbox 65 604 148 671; x_wconf 87' lang='grc' dir='ltr'><em>ἀλλά</em></span> <span class='ocrx_word' id='word_1_24' title='bbox 172 604 217 670; x_wconf 90' lang='grc' dir='ltr'><em>δι’</em></span> <span class='ocrx_word' id='word_1_25' title='bbox 243 607 345 694; x_wconf 78' lang='grc' dir='ltr'><em>ὀργῆς</em></span> <span class='ocrx_word' id='word_1_26' title='bbox 373 610 458 692; x_wconf 82' lang='grc' dir='ltr'><em>ἔχων</em></span> <span class='ocrx_word' id='word_1_27' title='bbox 484 611 544 674; x_wconf 91' lang='grc' dir='ltr'><em>τὸν</em></span> <span class='ocrx_word' id='word_1_28' title='bbox 566 611 736 693; x_wconf 86' lang='grc' dir='ltr'><em>Δαυίδην,</em></span> <span class='ocrx_word' id='word_1_29' title='bbox 763 618 808 699; x_wconf 76' lang='grc' dir='ltr'><em>τῷ</em></span> <span class='ocrx_word' id='word_1_30' title='bbox 837 612 991 697; x_wconf 76' lang='grc' dir='ltr'><em>προφήτῃ</em></span> <span class='ocrx_word' id='word_1_31' title='bbox 1015 617 1086 677; x_wconf 93' lang='grc' dir='ltr'><em>Να-</em></span> 
     </span>
     <span class='ocr_line' id='line_1_6' title="bbox 35 712 1085 802; baseline 0.009 -28"><span class='ocrx_word' id='word_1_32' title='bbox 35 712 156 799; x_wconf 79' lang='grc' dir='ltr'><em>ιθάνηι</em></span> <span class='ocrx_word' id='word_1_33' title='bbox 180 713 298 797; x_wconf 78' lang='grc' dir='ltr'><em>φανείς</em></span> <span class='ocrx_word' id='word_1_34' title='bbox 320 716 403 780; x_wconf 82' lang='grc' dir='ltr'><em>κατὰ</em></span> <span class='ocrx_word' id='word_1_35' title='bbox 425 718 504 793; x_wconf 84' lang='grc' dir='ltr'><em>τοὺς</em></span> <span class='ocrx_word' id='word_1_36' title='bbox 520 716 649 794; x_wconf 83' lang='grc' dir='ltr'><em>ύπνους</em></span> <span class='ocrx_word' id='word_1_37' title='bbox 673 716 834 802; x_wconf 85' lang='grc' dir='ltr'><em>ἐμέμφετο</em></span> <span class='ocrx_word' id='word_1_38' title='bbox 857 720 917 783; x_wconf 88' lang='grc' dir='ltr'><em>τὸν</em></span> <span class='ocrx_word' id='word_1_39' title='bbox 938 718 1085 802; x_wconf 75' lang='grc' dir='ltr'><em>βασιλέα.</em></span> 
     </span>
     <span class='ocr_line' id='line_1_7' title="bbox 63 815 1085 911; baseline 0.008 -29"><span class='ocrx_word' id='word_1_40' title='bbox 63 819 81 883; x_wconf 89' lang='grc' dir='ltr'>ὁ</span> <span class='ocrx_word' id='word_1_41' title='bbox 106 815 144 882; x_wconf 77' lang='grc' dir='ltr'><em>δὲ</em></span> <span class='ocrx_word' id='word_1_42' title='bbox 168 821 333 897; x_wconf 89' lang='grc' dir='ltr'><em>Ναθάνας</em></span> <span class='ocrx_word' id='word_1_43' title='bbox 356 821 485 899; x_wconf 91' lang='grc' dir='ltr'><em>άστεῖος</em></span> <span class='ocrx_word' id='word_1_44' title='bbox 513 823 561 886; x_wconf 77' lang='grc' dir='ltr'><em>ὢν</em></span> <span class='ocrx_word' id='word_1_45' title='bbox 583 821 638 887; x_wconf 81' lang='grc' dir='ltr'><em>καὶ</em></span> <span class='ocrx_word' id='word_1_46' title='bbox 663 825 800 900; x_wconf 83' lang='grc' dir='ltr'><em>συνετὸς</em></span> <span class='ocrx_word' id='word_1_47' title='bbox 822 823 923 911; x_wconf 80' lang='grc' dir='ltr'><em>ἀνήρ,</em></span> <span class='ocrx_word' id='word_1_48' title='bbox 951 826 1085 907; x_wconf 91' lang='grc' dir='ltr'><em>λογισά-</em></span> 
     </span>
     <span class='ocr_line' id='line_1_8' title="bbox 62 926 1084 1016; baseline 0.006 -27"><span class='ocrx_word' id='word_1_49' title='bbox 62 948 164 1008; x_wconf 83' lang='grc' dir='ltr'><em>μενος</em></span> <span class='ocrx_word' id='word_1_50' title='bbox 186 926 231 1003; x_wconf 84' lang='grc' dir='ltr'><em>έος</em></span> <span class='ocrx_word' id='word_1_51' title='bbox 254 928 291 991; x_wconf 84' lang='grc' dir='ltr'><em>οί</em></span> <span class='ocrx_word' id='word_1_52' title='bbox 310 931 467 1012; x_wconf 91' lang='grc' dir='ltr'><em>βασιλεῖς,</em></span> <span class='ocrx_word' id='word_1_53' title='bbox 491 929 572 994; x_wconf 84' lang='grc' dir='ltr'><em>ὅταν</em></span> <span class='ocrx_word' id='word_1_54' title='bbox 591 930 639 1006; x_wconf 90' lang='grc' dir='ltr'><em>είς</em></span> <span class='ocrx_word' id='word_1_55' title='bbox 657 929 762 1015; x_wconf 76' lang='grc' dir='ltr'><em>ὀργὴν</em></span> <span class='ocrx_word' id='word_1_56' title='bbox 781 928 957 1014; x_wconf 78' lang='grc' dir='ltr'><em>ἐμπέσωσι,</em></span> <span class='ocrx_word' id='word_1_57' title='bbox 980 933 1084 1016; x_wconf 87' lang='grc' dir='ltr'><em>ταύτη</em></span> 
     </span>
     <span class='ocr_line' id='line_1_9' title="bbox 61 1030 1085 1123; baseline 0.007 -27"><span class='ocrx_word' id='word_1_58' title='bbox 61 1030 166 1096; x_wconf 88' lang='grc' dir='ltr'><em>πλεόν</em></span> <span class='ocrx_word' id='word_1_59' title='bbox 188 1031 209 1114; x_wconf 74' lang='grc' dir='ltr'><em>η</em></span> <span class='ocrx_word' id='word_1_60' title='bbox 232 1038 278 1121; x_wconf 73' lang='grc' dir='ltr'><em>τῷ</em></span> <span class='ocrx_word' id='word_1_61' title='bbox 301 1035 419 1123; x_wconf 85' lang='grc' dir='ltr'><em>δικαίφ</em></span> <span class='ocrx_word' id='word_1_62' title='bbox 447 1031 601 1118; x_wconf 78' lang='grc' dir='ltr'><em>νέμουσι,</em></span> <span class='ocrx_word' id='word_1_63' title='bbox 629 1036 688 1112; x_wconf 82' lang='grc' dir='ltr'><em>τὰς</em></span> <span class='ocrx_word' id='word_1_64' title='bbox 714 1031 777 1119; x_wconf 72' lang='grc' dir='ltr'><em>μέν</em></span> <span class='ocrx_word' id='word_1_65' title='bbox 804 1038 894 1122; x_wconf 80' lang='grc' dir='ltr'><em>παρά</em></span> <span class='ocrx_word' id='word_1_66' title='bbox 917 1046 977 1102; x_wconf 87' lang='grc' dir='ltr'><em>τοῦ</em></span> <span class='ocrx_word' id='word_1_67' title='bbox 1000 1043 1085 1103; x_wconf 86' lang='grc' dir='ltr'><em>θεοῦ</em></span> 
     </span>
     <span class='ocr_line' id='line_1_10' title="bbox 62 1137 1085 1227; baseline 0.006 -24"><span class='ocrx_word' id='word_1_68' title='bbox 62 1137 284 1223; x_wconf 78' lang='grc' dir='ltr'><em>γεγενημένας</em></span> <span class='ocrx_word' id='word_1_69' title='bbox 307 1140 443 1218; x_wconf 83' lang='grc' dir='ltr'><em>άπειλδις</em></span> <span class='ocrx_word' id='word_1_70' title='bbox 465 1140 641 1225; x_wconf 73' lang='grc' dir='ltr'><em>ἡσυχάζειν</em></span> <span class='ocrx_word' id='word_1_71' title='bbox 664 1143 805 1227; x_wconf 80' lang='grc' dir='ltr'><em>ἔκρινεν,</em></span> <span class='ocrx_word' id='word_1_72' title='bbox 829 1143 952 1220; x_wconf 81' lang='grc' dir='ltr'><em>ἀλλους</em></span> <span class='ocrx_word' id='word_1_73' title='bbox 973 1140 1010 1208; x_wconf 73' lang='grc' dir='ltr'><em>δέ</em></span> <span class='ocrx_word' id='word_1_74' title='bbox 1030 1146 1085 1209; x_wconf 51' lang='grc' dir='ltr'><em>λόι</em></span> 
     </span>
     <span class='ocr_line' id='line_1_11' title="bbox 20 1245 1084 1333; baseline 0.006 -25"><span class='ocrx_word' id='word_1_75' title='bbox 20 1264 46 1303; x_wconf 91' lang='lat'><em>10</em></span> <span class='ocrx_word' id='word_1_76' title='bbox 61 1267 143 1325; x_wconf 88' lang='grc' dir='ltr'><em>γους</em></span> <span class='ocrx_word' id='word_1_77' title='bbox 166 1249 329 1332; x_wconf 84' lang='grc' dir='ltr'><em>χρηστοὺς</em></span> <span class='ocrx_word' id='word_1_78' title='bbox 350 1249 434 1333; x_wconf 87' lang='grc' dir='ltr'><em>πρὸς</em></span> <span class='ocrx_word' id='word_1_79' title='bbox 456 1247 559 1312; x_wconf 84' lang='grc' dir='ltr'><em>αὐτὸν</em></span> <span class='ocrx_word' id='word_1_80' title='bbox 583 1245 753 1331; x_wconf 70' lang='grc' dir='ltr'><em>διεξῆλθε,</em></span> <span class='ocrx_word' id='word_1_81' title='bbox 780 1246 836 1312; x_wconf 77' lang='grc' dir='ltr'><em>καὶ</em></span> <span class='ocrx_word' id='word_1_82' title='bbox 865 1249 905 1331; x_wconf 84' lang='grc' dir='ltr'><em>δη</em></span> <span class='ocrx_word' id='word_1_83' title='bbox 929 1252 1084 1314; x_wconf 83' lang='grc' dir='ltr'><em>τοιοῦτόν</em></span> 
     </span>
     <span class='ocr_line' id='line_1_12' title="bbox 61 1343 1084 1440; baseline 0.005 -25"><span class='ocrx_word' id='word_1_84' title='bbox 61 1374 138 1416; x_wconf 90' lang='grc' dir='ltr'><em>τινα</em></span> <span class='ocrx_word' id='word_1_85' title='bbox 169 1354 308 1437; x_wconf 88' lang='grc' dir='ltr'><em>τρόπον,</em></span> <span class='ocrx_word' id='word_1_86' title='bbox 339 1350 415 1438; x_wconf 79' lang='grc' dir='ltr'><em>περὶ</em></span> <span class='ocrx_word' id='word_1_87' title='bbox 448 1343 490 1417; x_wconf 80' lang='grc' dir='ltr'><em>οὗ</em></span> <span class='ocrx_word' id='word_1_88' title='bbox 520 1349 576 1417; x_wconf 84' lang='grc' dir='ltr'><em>καί</em></span> <span class='ocrx_word' id='word_1_89' title='bbox 608 1356 644 1418; x_wconf 89' lang='grc' dir='ltr'><em>τί</em></span> <span class='ocrx_word' id='word_1_90' title='bbox 668 1365 789 1440; x_wconf 88' lang='grc' dir='ltr'><em>φρονεῖ</em></span> <span class='ocrx_word' id='word_1_91' title='bbox 814 1363 949 1439; x_wconf 81' lang='grc' dir='ltr'><em>ποιησαι</em></span> <span class='ocrx_word' id='word_1_92' title='bbox 978 1353 1084 1438; x_wconf 76' lang='grc' dir='ltr'><em>σαφὲς</em></span> 
     </span>
     <span class='ocr_line' id='line_1_13' title="bbox 60 1457 1083 1548; baseline 0.005 -27"><span class='ocrx_word' id='word_1_93' title='bbox 60 1457 150 1545; x_wconf 80' lang='grc' dir='ltr'><em>αὐτῷ</em></span> <span class='ocrx_word' id='word_1_94' title='bbox 174 1459 360 1543; x_wconf 81' lang='grc' dir='ltr'><em>παρεκάλει.</em></span> <span class='ocrx_word' id='word_1_95' title='bbox 401 1458 511 1542; x_wconf 85' lang='grc'>&lt;148&gt;</span> <span class='ocrx_word' id='word_1_96' title='bbox 531 1458 617 1523; x_wconf 57' lang='grc' dir='ltr'><em>*δύο’</em></span> <span class='ocrx_word' id='word_1_97' title='bbox 637 1460 700 1545; x_wconf 83' lang='grc' dir='ltr'><em>γάρ</em></span> <span class='ocrx_word' id='word_1_98' title='bbox 720 1461 856 1544; x_wconf 72' lang='grc' dir='ltr'><em>ἔφησεν</em></span> <span class='ocrx_word' id='word_1_99' title='bbox 868 1461 1000 1548; x_wconf 62' lang='grc' dir='ltr'><em>ἀνδρες</em></span> <span class='ocrx_word' id='word_1_100' title='bbox 1021 1462 1083 1544; x_wconf 79' lang='grc' dir='ltr'><em>την</em></span> 
     </span>
     <span class='ocr_line' id='line_1_14' title="bbox 59 1559 1083 1650; baseline 0.005 -23"><span class='ocrx_word' id='word_1_101' title='bbox 59 1563 166 1645; x_wconf 79' lang='grc' dir='ltr'><em>αὐτὴν</em></span> <span class='ocrx_word' id='word_1_102' title='bbox 184 1587 356 1628; x_wconf 72' lang='grc' dir='ltr'><em>κατικουν</em></span> <span class='ocrx_word' id='word_1_103' title='bbox 374 1567 483 1647; x_wconf 86' lang='grc' dir='ltr'><em>πόλιν,</em></span> <span class='ocrx_word' id='word_1_104' title='bbox 506 1559 554 1629; x_wconf 80' lang='grc' dir='ltr'><em>ὧν</em></span> <span class='ocrx_word' id='word_1_105' title='bbox 573 1564 591 1629; x_wconf 88' lang='grc' dir='ltr'><strong>ὃ</strong></span> <span class='ocrx_word' id='word_1_106' title='bbox 611 1561 673 1649; x_wconf 73' lang='grc' dir='ltr'><em>μέν</em></span> <span class='ocrx_word' id='word_1_107' title='bbox 690 1566 850 1643; x_wconf 86' lang='grc' dir='ltr'><em>πλούσιος</em></span> <span class='ocrx_word' id='word_1_108' title='bbox 868 1561 912 1650; x_wconf 78' lang='grc' dir='ltr'><em>ἧν</em></span> <span class='ocrx_word' id='word_1_109' title='bbox 929 1564 985 1632; x_wconf 83' lang='grc' dir='ltr'><em>καί</em></span> <span class='ocrx_word' id='word_1_110' title='bbox 1003 1573 1083 1632; x_wconf 90' lang='grc' dir='ltr'><em>πολ-</em></span> 
     </span>
     <span class='ocr_line' id='line_1_15' title="bbox 59 1664 1082 1758; baseline 0.001 -22"><span class='ocrx_word' id='word_1_111' title='bbox 59 1671 120 1746; x_wconf 86' lang='grc' dir='ltr'><em>λδις</em></span> <span class='ocrx_word' id='word_1_112' title='bbox 148 1664 236 1754; x_wconf 81' lang='grc' dir='ltr'><em>εἶχεν</em></span> <span class='ocrx_word' id='word_1_113' title='bbox 268 1669 388 1753; x_wconf 82' lang='grc' dir='ltr'><em>ἀγέλας</em></span> <span class='ocrx_word' id='word_1_114' title='bbox 417 1671 609 1753; x_wconf 84' lang='grc' dir='ltr'><em>ὑποζυγίων</em></span> <span class='ocrx_word' id='word_1_115' title='bbox 640 1691 678 1735; x_wconf 90' lang='grc' dir='ltr'><em>τε</em></span> <span class='ocrx_word' id='word_1_116' title='bbox 707 1670 763 1737; x_wconf 77' lang='grc' dir='ltr'><em>καί</em></span> <span class='ocrx_word' id='word_1_117' title='bbox 794 1674 997 1758; x_wconf 73' lang='grc' dir='ltr'><em>θρεμμάτων</em></span> <span class='ocrx_word' id='word_1_118' title='bbox 1026 1672 1082 1737; x_wconf 81' lang='grc' dir='ltr'><em>καί</em></span> 
     </span>
     <span class='ocr_line' id='line_1_16' title="bbox 17 1774 1083 1864; baseline 0.006 -28"><span class='ocrx_word' id='word_1_119' title='bbox 17 1795 43 1835; x_wconf 83' lang='lat'><em>15</em></span> <span class='ocrx_word' id='word_1_120' title='bbox 59 1780 162 1860; x_wconf 83' lang='grc' dir='ltr'><em>βοῶν,</em></span> <span class='ocrx_word' id='word_1_121' title='bbox 185 1784 230 1864; x_wconf 72' lang='grc' dir='ltr'><em>τῷ</em></span> <span class='ocrx_word' id='word_1_122' title='bbox 248 1774 364 1859; x_wconf 88' lang='grc' dir='ltr'><em>πένητι</em></span> <span class='ocrx_word' id='word_1_123' title='bbox 384 1774 415 1840; x_wconf 88' lang='grc' dir='ltr'><em>δ’</em></span> <span class='ocrx_word' id='word_1_124' title='bbox 436 1776 545 1860; x_wconf 83' lang='grc' dir='ltr'><em>ἀμνὰς</em></span> <span class='ocrx_word' id='word_1_125' title='bbox 565 1776 692 1862; x_wconf 80' lang='grc' dir='ltr'><em>ὑπῆρχε</em></span> <span class='ocrx_word' id='word_1_126' title='bbox 710 1781 779 1861; x_wconf 89' lang='grc' dir='ltr'><em>μία.</em></span> <span class='ocrx_word' id='word_1_127' title='bbox 824 1777 934 1860; x_wconf 79' lang='grc'>&lt;1’49&gt;</span> <span class='ocrx_word' id='word_1_128' title='bbox 958 1780 1083 1860; x_wconf 89' lang='grc' dir='ltr'><em>ταύτην</em></span> 
     </span>
     <span class='ocr_line' id='line_1_17' title="bbox 58 1881 1082 1969; baseline 0.002 -23"><span class='ocrx_word' id='word_1_129' title='bbox 58 1883 144 1966; x_wconf 83' lang='grc' dir='ltr'><em>μετδι</em></span> <span class='ocrx_word' id='word_1_130' title='bbox 163 1892 232 1947; x_wconf 83' lang='grc' dir='ltr'><em>τῶν</em></span> <span class='ocrx_word' id='word_1_131' title='bbox 250 1881 377 1948; x_wconf 91' lang='grc' dir='ltr'><em>τέκνων</em></span> <span class='ocrx_word' id='word_1_132' title='bbox 395 1883 496 1959; x_wconf 82' lang='grc' dir='ltr'><em>αὐτὸς</em></span> <span class='ocrx_word' id='word_1_133' title='bbox 518 1881 688 1968; x_wconf 87' lang='grc' dir='ltr'><em>ἀνέτρεφε,</em></span> <span class='ocrx_word' id='word_1_134' title='bbox 712 1883 980 1966; x_wconf 87' lang='grc' dir='ltr'><em>συνδατούμευος</em></span> <span class='ocrx_word' id='word_1_135' title='bbox 998 1883 1082 1969; x_wconf 76' lang='grc' dir='ltr'><em>αὐτῇ</em></span> 
     </span>
     <span class='ocr_line' id='line_1_18' title="bbox 57 1983 1083 2075; baseline 0.001 -22"><span class='ocrx_word' id='word_1_136' title='bbox 57 1990 100 2053; x_wconf 87' lang='grc' dir='ltr'><em>τδι</em></span> <span class='ocrx_word' id='word_1_137' title='bbox 123 1993 222 2073; x_wconf 83' lang='grc' dir='ltr'><em>σιτία,</em></span> <span class='ocrx_word' id='word_1_138' title='bbox 244 1988 299 2054; x_wconf 81' lang='grc' dir='ltr'><em>καὶ</em></span> <span class='ocrx_word' id='word_1_139' title='bbox 324 1990 545 2075; x_wconf 82' lang='grc' dir='ltr'><em>φιλοστοργία</em></span> <span class='ocrx_word' id='word_1_140' title='bbox 566 1990 651 2072; x_wconf 87' lang='grc' dir='ltr'><em>πρὸς</em></span> <span class='ocrx_word' id='word_1_141' title='bbox 673 1989 777 2071; x_wconf 83' lang='grc' dir='ltr'><em>αὐτην</em></span> <span class='ocrx_word' id='word_1_142' title='bbox 795 1989 965 2073; x_wconf 82' lang='grc' dir='ltr'><em>χρώμενος</em></span> <span class='ocrx_word' id='word_1_143' title='bbox 987 1983 1008 2074; x_wconf 79' lang='grc' dir='ltr'><strong><em>ᾖ</em></strong></span> <span class='ocrx_word' id='word_1_144' title='bbox 1030 2011 1083 2067; x_wconf 90' lang='grc' dir='ltr'><em>τις</em></span> 
     </span>
     <span class='ocr_line' id='line_1_19' title="bbox 57 2091 1082 2182; baseline 0 -22"><span class='ocrx_word' id='word_1_145' title='bbox 57 2095 101 2161; x_wconf 81' lang='grc' dir='ltr'><em>άν</em></span> <span class='ocrx_word' id='word_1_146' title='bbox 124 2098 282 2182; x_wconf 78' lang='grc' dir='ltr'><em>χρήσαιτο</em></span> <span class='ocrx_word' id='word_1_147' title='bbox 305 2093 364 2160; x_wconf 80' lang='grc' dir='ltr'><em>καί</em></span> <span class='ocrx_word' id='word_1_148' title='bbox 384 2097 467 2182; x_wconf 87' lang='grc' dir='ltr'><em>πρὸς</em></span> <span class='ocrx_word' id='word_1_149' title='bbox 485 2093 665 2181; x_wconf 87' lang='grc' dir='ltr'><em>θυγατέρα.</em></span> <span class='ocrx_word' id='word_1_150' title='bbox 708 2092 805 2172; x_wconf 78' lang='grc' dir='ltr'><em>ξένου</em></span> <span class='ocrx_word' id='word_1_151' title='bbox 827 2092 858 2159; x_wconf 88' lang='grc' dir='ltr'><em>δ’</em></span> <span class='ocrx_word' id='word_1_152' title='bbox 880 2091 1082 2174; x_wconf 84' lang='grc' dir='ltr'><em>ἐπελθόντος</em></span> 
     </span>
     <span class='ocr_line' id='line_1_20' title="bbox 56 2196 1084 2290; baseline 0.002 -24"><span class='ocrx_word' id='word_1_153' title='bbox 56 2210 104 2290; x_wconf 77' lang='grc' dir='ltr'><em>τῷ</em></span> <span class='ocrx_word' id='word_1_154' title='bbox 127 2205 287 2290; x_wconf 80' lang='grc' dir='ltr'><em>πλουσίῳ,</em></span> <span class='ocrx_word' id='word_1_155' title='bbox 310 2208 378 2266; x_wconf 76' lang='grc' dir='ltr'><em>τῶν</em></span> <span class='ocrx_word' id='word_1_156' title='bbox 400 2197 462 2284; x_wconf 73' lang='grc' dir='ltr'><em>μέν</em></span> <span class='ocrx_word' id='word_1_157' title='bbox 482 2201 578 2265; x_wconf 92' lang='grc' dir='ltr'><em>ι’δίων</em></span> <span class='ocrx_word' id='word_1_158' title='bbox 598 2196 699 2265; x_wconf 73' lang='grc' dir='ltr'><em>οὐδὲν</em></span> <span class='ocrx_word' id='word_1_159' title='bbox 718 2199 842 2277; x_wconf 82' lang='grc' dir='ltr'><em>ἐκεῖνος</em></span> <span class='ocrx_word' id='word_1_160' title='bbox 863 2202 1084 2286; x_wconf 81' lang='grc' dir='ltr'><em>βοσκημάτων</em></span> 
     </span>
     <span class='ocr_line' id='line_1_21' title="bbox 15 2304 1081 2392; baseline 0 -19"><span class='ocrx_word' id='word_1_161' title='bbox 15 2327 42 2366; x_wconf 81' lang='lat'><em>20</em></span> <span class='ocrx_word' id='word_1_162' title='bbox 58 2306 179 2391; x_wconf 79' lang='grc' dir='ltr'><em>ἠξίωσε</em></span> <span class='ocrx_word' id='word_1_163' title='bbox 200 2308 393 2383; x_wconf 74' lang='grc' dir='ltr'><em>καταθύσας</em></span> <span class='ocrx_word' id='word_1_164' title='bbox 417 2306 582 2391; x_wconf 79' lang='grc' dir='ltr'><em>εὐωχῆσαι</em></span> <span class='ocrx_word' id='word_1_165' title='bbox 600 2309 660 2373; x_wconf 84' lang='grc' dir='ltr'><em>τὸν</em></span> <span class='ocrx_word' id='word_1_166' title='bbox 679 2309 791 2391; x_wconf 92' lang='grc' dir='ltr'><em>φίλον,</em></span> <span class='ocrx_word' id='word_1_167' title='bbox 814 2305 945 2392; x_wconf 79' lang='grc' dir='ltr'><em>πέμψας</em></span> <span class='ocrx_word' id='word_1_168' title='bbox 963 2304 1001 2372; x_wconf 73' lang='grc' dir='ltr'><em>δὲ</em></span> <span class='ocrx_word' id='word_1_169' title='bbox 1018 2308 1081 2390; x_wconf 82' lang='grc' dir='ltr'><em>την</em></span> 
     </span>
     <span class='ocr_line' id='line_1_22' title="bbox 57 2410 1080 2499; baseline 0.001 -21"><span class='ocrx_word' id='word_1_170' title='bbox 57 2413 190 2498; x_wconf 82' lang='grc' dir='ltr'><em>ἀμνάδα</em></span> <span class='ocrx_word' id='word_1_171' title='bbox 213 2421 273 2478; x_wconf 89' lang='grc' dir='ltr'><em>τοῦ</em></span> <span class='ocrx_word' id='word_1_172' title='bbox 296 2410 437 2494; x_wconf 88' lang='grc' dir='ltr'><em>πένητος</em></span> <span class='ocrx_word' id='word_1_173' title='bbox 460 2412 642 2496; x_wconf 82' lang='grc' dir='ltr'><em>ἀπέσπασε,</em></span> <span class='ocrx_word' id='word_1_174' title='bbox 669 2410 725 2478; x_wconf 82' lang='grc' dir='ltr'><em>καί</em></span> <span class='ocrx_word' id='word_1_175' title='bbox 748 2415 872 2497; x_wconf 88' lang='grc' dir='ltr'><em>ταύτην</em></span> <span class='ocrx_word' id='word_1_176' title='bbox 894 2431 1080 2499; x_wconf 89' lang='grc' dir='ltr'><em>παρασκευ-</em></span> 
     </span>
     <span class='ocr_line' id='line_1_23' title="bbox 56 2516 1079 2605; baseline 0.001 -21"><span class='ocrx_word' id='word_1_177' title='bbox 56 2520 140 2596; x_wconf 89' lang='grc' dir='ltr'><em>άσας</em></span> <span class='ocrx_word' id='word_1_178' title='bbox 164 2519 308 2584; x_wconf 71' lang='grc' dir='ltr'><em>εἱστίασε</em></span> <span class='ocrx_word' id='word_1_179' title='bbox 330 2518 389 2582; x_wconf 88' lang='grc' dir='ltr'><em>τὸν</em></span> <span class='ocrx_word' id='word_1_180' title='bbox 413 2516 531 2595; x_wconf 82' lang='grc' dir='ltr'><em>ξένον.’</em></span> <span class='ocrx_word' id='word_1_181' title='bbox 577 2519 686 2601; x_wconf 78' lang='grc'>&lt;150&gt;</span> <span class='ocrx_word' id='word_1_182' title='bbox 707 2520 838 2605; x_wconf 87' lang='grc' dir='ltr'><em>σφόδρα</em></span> <span class='ocrx_word' id='word_1_183' title='bbox 862 2517 893 2583; x_wconf 88' lang='grc' dir='ltr'><em>δ’</em></span> <span class='ocrx_word' id='word_1_184' title='bbox 915 2517 1079 2602; x_wconf 81' lang='grc' dir='ltr'><em>ἐλύπησεν</em></span> 
     </span>
     <span class='ocr_line' id='line_1_24' title="bbox 56 2618 1079 2708; baseline -0.004 -16"><span class='ocrx_word' id='word_1_185' title='bbox 56 2626 74 2692; x_wconf 87' lang='grc' dir='ltr'>ὁ</span> <span class='ocrx_word' id='word_1_186' title='bbox 104 2626 204 2706; x_wconf 87' lang='grc' dir='ltr'><em>λόγος</em></span> <span class='ocrx_word' id='word_1_187' title='bbox 232 2618 330 2699; x_wconf 81' lang='grc' dir='ltr'><em>οὗτος</em></span> <span class='ocrx_word' id='word_1_188' title='bbox 361 2625 421 2689; x_wconf 89' lang='grc' dir='ltr'><em>τὸν</em></span> <span class='ocrx_word' id='word_1_189' title='bbox 451 2622 603 2707; x_wconf 90' lang='grc' dir='ltr'><em>βασιλέα,</em></span> <span class='ocrx_word' id='word_1_190' title='bbox 635 2619 691 2687; x_wconf 82' lang='grc' dir='ltr'><em>καὶ</em></span> <span class='ocrx_word' id='word_1_191' title='bbox 723 2623 873 2705; x_wconf 89' lang='grc' dir='ltr'><em>πονηρὸν</em></span> <span class='ocrx_word' id='word_1_192' title='bbox 904 2626 987 2708; x_wconf 87' lang='grc' dir='ltr'><em>πρὸς</em></span> <span class='ocrx_word' id='word_1_193' title='bbox 1018 2627 1079 2689; x_wconf 90' lang='grc' dir='ltr'><em>τὸν</em></span> 
     </span>
     <span class='ocr_line' id='line_1_25' title="bbox 56 2723 1079 2816; baseline -0.002 -21"><span class='ocrx_word' id='word_1_194' title='bbox 56 2730 227 2796; x_wconf 90' lang='grc' dir='ltr'><em>Ναθάναν</em></span> <span class='ocrx_word' id='word_1_195' title='bbox 249 2731 309 2795; x_wconf 89' lang='grc' dir='ltr'><em>τὸν</em></span> <span class='ocrx_word' id='word_1_196' title='bbox 332 2731 515 2816; x_wconf 85' lang='grc' dir='ltr'><em>άνθρωπου</em></span> <span class='ocrx_word' id='word_1_197' title='bbox 539 2727 677 2811; x_wconf 80' lang='grc' dir='ltr'><em>ἐκεῖνον,</em></span> <span class='ocrx_word' id='word_1_198' title='bbox 701 2727 741 2803; x_wconf 80' lang='grc' dir='ltr'><em>δς</em></span> <span class='ocrx_word' id='word_1_199' title='bbox 757 2727 798 2809; x_wconf 81' lang='grc' dir='ltr'><em>δη</em></span> <span class='ocrx_word' id='word_1_200' title='bbox 817 2735 915 2791; x_wconf 85' lang='grc' dir='ltr'><em>τοῦτο</em></span> <span class='ocrx_word' id='word_1_201' title='bbox 934 2723 1079 2814; x_wconf 80' lang='grc' dir='ltr'><em>τοῦργον</em></span> 
     </span>
     <span class='ocr_line' id='line_1_26' title="bbox 14 2831 1078 2921; baseline -0.003 -19"><span class='ocrx_word' id='word_1_202' title='bbox 14 2855 40 2895; x_wconf 79' lang='lat'><em>2⁵</em></span> <span class='ocrx_word' id='word_1_203' title='bbox 56 2837 252 2921; x_wconf 80' lang='grc' dir='ltr'><em>ἐτόλμησεν,</em></span> <span class='ocrx_word' id='word_1_204' title='bbox 285 2835 492 2918; x_wconf 79' lang='grc' dir='ltr'><em>ἀπεφήνατο,</em></span> <span class='ocrx_word' id='word_1_205' title='bbox 523 2833 579 2899; x_wconf 80' lang='grc' dir='ltr'><em>καὶ</em></span> <span class='ocrx_word' id='word_1_206' title='bbox 611 2838 797 2920; x_wconf 77' lang='grc' dir='ltr'><em>τετραπλῆν</em></span> <span class='ocrx_word' id='word_1_207' title='bbox 829 2831 984 2897; x_wconf 83' lang='grc' dir='ltr'><em>ἀποτῖσαι</em></span> <span class='ocrx_word' id='word_1_208' title='bbox 1015 2834 1078 2916; x_wconf 83' lang='grc' dir='ltr'><em>την</em></span> 
     </span>
     <span class='ocr_line' id='line_1_27' title="bbox 54 2936 1079 3027; baseline -0.003 -20"><span class='ocrx_word' id='word_1_209' title='bbox 54 2943 188 3027; x_wconf 83' lang='grc' dir='ltr'><em>ἀμνάδα</em></span> <span class='ocrx_word' id='word_1_210' title='bbox 212 2942 344 3006; x_wconf 91' lang='grc' dir='ltr'><em>δίκαιον</em></span> <span class='ocrx_word' id='word_1_211' title='bbox 367 2936 468 3023; x_wconf 78' lang='grc' dir='ltr'><em>εἶναι,</em></span> <span class='ocrx_word' id='word_1_212' title='bbox 496 2937 552 3005; x_wconf 84' lang='grc' dir='ltr'><em>καί</em></span> <span class='ocrx_word' id='word_1_213' title='bbox 579 2943 663 3027; x_wconf 86' lang='grc' dir='ltr'><em>πρὸς</em></span> <span class='ocrx_word' id='word_1_214' title='bbox 690 2939 800 3027; x_wconf 86' lang='grc' dir='ltr'><em>τούτφ</em></span> <span class='ocrx_word' id='word_1_215' title='bbox 819 2938 955 3027; x_wconf 86' lang='grc' dir='ltr'><em>θαυάτφ</em></span> <span class='ocrx_word' id='word_1_216' title='bbox 979 2944 1079 3004; x_wconf 93' lang='grc' dir='ltr'><em>κολα-</em></span> 
     </span>
     <span class='ocr_line' id='line_1_28' title="bbox 53 3043 1078 3133; baseline -0.004 -19"><span class='ocrx_word' id='word_1_217' title='bbox 53 3056 190 3133; x_wconf 80' lang='grc' dir='ltr'><em>σθῆναι.</em></span> <span class='ocrx_word' id='word_1_218' title='bbox 238 3048 403 3124; x_wconf 88' lang='grc' dir='ltr'><em>Ναθάυας</em></span> <span class='ocrx_word' id='word_1_219' title='bbox 427 3045 457 3111; x_wconf 87' lang='grc' dir='ltr'><em>δ’</em></span> <span class='ocrx_word' id='word_1_220' title='bbox 482 3047 659 3131; x_wconf 80' lang='grc' dir='ltr'><em>ὑποτυχὼν</em></span> <span class='ocrx_word' id='word_1_221' title='bbox 683 3047 785 3111; x_wconf 79' lang='grc' dir='ltr'><em>αὐτὸν</em></span> <span class='ocrx_word' id='word_1_222' title='bbox 809 3047 921 3127; x_wconf 77' lang='grc' dir='ltr'><em>ἔλεγεν</em></span> <span class='ocrx_word' id='word_1_223' title='bbox 947 3043 1078 3110; x_wconf 78' lang='grc' dir='ltr'><em>ἐκεῖνον</em></span> 
     </span>
     <span class='ocr_line' id='line_1_29' title="bbox 53 3149 1081 3237; baseline -0.002 -19"><span class='ocrx_word' id='word_1_224' title='bbox 53 3149 141 3219; x_wconf 81' lang='grc' dir='ltr'><em>εἶναι</em></span> <span class='ocrx_word' id='word_1_225' title='bbox 164 3155 224 3219; x_wconf 85' lang='grc' dir='ltr'><em>τὸν</em></span> <span class='ocrx_word' id='word_1_226' title='bbox 247 3152 342 3231; x_wconf 78' lang='grc' dir='ltr'><em>ἀξιον</em></span> <span class='ocrx_word' id='word_1_227' title='bbox 364 3161 467 3218; x_wconf 86' lang='grc' dir='ltr'><em>ταῦτα</em></span> <span class='ocrx_word' id='word_1_228' title='bbox 494 3160 634 3237; x_wconf 89' lang='grc' dir='ltr'><em>παθεῖν,</em></span> <span class='ocrx_word' id='word_1_229' title='bbox 662 3149 722 3237; x_wconf 85' lang='grc' dir='ltr'><em>ὑφ’</em></span> <span class='ocrx_word' id='word_1_230' title='bbox 749 3152 852 3216; x_wconf 84' lang='grc' dir='ltr'><em>αὑτοῦ</em></span> <span class='ocrx_word' id='word_1_231' title='bbox 880 3149 1081 3234; x_wconf 86' lang='grc' dir='ltr'><em>κεκριμένον</em></span> 
     </span>
     <span class='ocr_line' id='line_1_30' title="bbox 52 3255 1077 3344; baseline -0.004 -19"><span class='ocrx_word' id='word_1_232' title='bbox 52 3260 263 3344; x_wconf 83' lang='grc' dir='ltr'><em>τολμησαντα</em></span> <span class='ocrx_word' id='word_1_233' title='bbox 282 3259 364 3344; x_wconf 89' lang='grc' dir='ltr'><em>μέγα</em></span> <span class='ocrx_word' id='word_1_234' title='bbox 383 3257 438 3324; x_wconf 86' lang='grc' dir='ltr'><em>καὶ</em></span> <span class='ocrx_word' id='word_1_235' title='bbox 458 3260 572 3324; x_wconf 88' lang='grc' dir='ltr'><em>δεινὸν</em></span> <span class='ocrx_word' id='word_1_236' title='bbox 592 3259 699 3344; x_wconf 82' lang='grc' dir='ltr'><em>ἔργον.</em></span> <span class='ocrx_word' id='word_1_237' title='bbox 740 3257 848 3339; x_wconf 84' lang='grc'>&lt;151&gt;</span> <span class='ocrx_word' id='word_1_238' title='bbox 870 3255 1077 3321; x_wconf 78' lang='grc' dir='ltr'><em>άνωιάλυπτε·</em></span> 
     </span>
     <span class='ocr_line' id='line_1_31' title="bbox 14 3363 1073 3454; baseline -0.003 -24"><span class='ocrx_word' id='word_1_239' title='bbox 14 3364 83 3430; x_wconf 69' lang='grc' dir='ltr'><em>8οδ</em></span> <span class='ocrx_word' id='word_1_240' title='bbox 107 3366 197 3454; x_wconf 82' lang='grc' dir='ltr'><em>αὐτῷ</em></span> <span class='ocrx_word' id='word_1_241' title='bbox 215 3363 270 3430; x_wconf 80' lang='grc' dir='ltr'><em>καὶ</em></span> <span class='ocrx_word' id='word_1_242' title='bbox 289 3367 503 3452; x_wconf 86' lang='grc' dir='ltr'><em>παρεγύμνου</em></span> <span class='ocrx_word' id='word_1_243' title='bbox 521 3365 583 3447; x_wconf 82' lang='grc' dir='ltr'><em>τὴν</em></span> <span class='ocrx_word' id='word_1_244' title='bbox 602 3364 705 3449; x_wconf 76' lang='grc' dir='ltr'><em>ὀργὴν</em></span> <span class='ocrx_word' id='word_1_245' title='bbox 723 3371 784 3428; x_wconf 82' lang='grc' dir='ltr'><em>τοῦ</em></span> <span class='ocrx_word' id='word_1_246' title='bbox 800 3369 895 3445; x_wconf 83' lang='grc' dir='ltr'><em>θεοῦ,</em></span> <span class='ocrx_word' id='word_1_247' title='bbox 913 3363 1073 3444; x_wconf 81' lang='grc' dir='ltr'><em>ποιησαν-</em></span> 
     </span>
    </p>
   </div>
   <div class='ocr_carea' id='block_1_3' title="bbox 123 3487 933 3628">
    <p class='ocr_par' dir='ltr' id='par_1_3' title="bbox 123 3487 933 3628">
     <span class='ocr_line' id='line_1_32' title="bbox 123 3487 492 3556; baseline 0 -15"><span class='ocrx_word' id='word_1_248' title='bbox 123 3492 205 3552; x_wconf 78' lang='grc' dir='ltr'><em>ςιιι</em></span> <span class='ocrx_word' id='word_1_249' title='bbox 227 3513 260 3534; x_wconf 84' lang='lat'><em>=</em></span> <span class='ocrx_word' id='word_1_250' title='bbox 279 3494 295 3541; x_wconf 76' lang='grc' dir='ltr'><em>ι</em></span> <span class='ocrx_word' id='word_1_251' title='bbox 314 3488 383 3556; x_wconf 79' lang='lat' dir='ltr'><em>Reg.</em></span> <span class='ocrx_word' id='word_1_252' title='bbox 402 3487 453 3539; x_wconf 76' lang='grc' dir='ltr'><em>ΧΠ</em></span> <span class='ocrx_word' id='word_1_253' title='bbox 471 3495 492 3541; x_wconf 89' lang='lat'><em>1.</em></span> 
     </span>
     <span class='ocr_line' id='line_1_33' title="bbox 894 3571 933 3628; baseline 0 -28"><span class='ocrx_word' id='word_1_254' title='bbox 894 3571 933 3628; x_wconf 47' lang='lat' dir='ltr'><em>Q*</em></span> 
     </span>
    </p>
   </div>
   <div class='ocr_carea' id='block_1_4' title="bbox 0 0 1204 3840">
    <p class='ocr_par' dir='ltr' id='par_1_4' title="bbox 0 0 1204 3840">
     <span class='ocr_line' id='line_1_34' title="bbox 0 0 1204 3840; baseline 0 3"><span class='ocrx_word' id='word_1_255' title='bbox 0 0 1204 3840; x_wconf 95' lang='lat' dir='ltr'><em> </em></span> 
     </span>
    </p>
   </div>
  </div>
 </body>
</html>
