2400 3840
562 114 662 163 EKTH
1083 113 1125 179 73

108 280 217 357 σχῆμα
244 280 305 336 τοῦ
333 272 519 350 θεαθέντος
546 271 601 338 καί
629 274 690 357 τήν
717 272 864 357 ήλικίαν,
897 273 1037 363 γέροντα
1065 273 1127 361 μὲν

107 379 172 460 ήδη
194 374 250 442 καὶ
274 377 411 456 ἔνδοξον
434 379 621 463 ἐσήμαινεν,
645 380 814 467 ἱερατικὴν
837 377 874 444 δὲ
896 386 1127 466 περικείμενον

109 485 274 549 διπλοΐδα.
321 486 429 568 <334>
449 483 629 572 ἐγνώρισεν
648 483 683 550 ἐκ
701 486 829 550 τούτων
853 486 871 550 ὁ
890 489 1045 570 βασιλεὺς
1066 488 1127 551 τὸν

109 591 312 673 Σαμούηλον
335 593 426 674 ὄντα,
448 589 503 655 καὶ
526 593 638 656 πεσὼν
659 588 712 656 ἐπὶ
731 591 792 673 τήν
811 601 874 675 γήν
892 591 1051 674 ήσπάζετο
1070 590 1126 657 καὶ

79 697 345 780 επροσεκόνησε.
399 705 459 780 τῆς
488 694 526 761 δὲ
553 698 758 782 Σαμουήλου
791 706 901 781 ψυχῆς
932 696 1126 781 πυθομένης

109 804 166 867 διά
193 806 229 867 τί
252 804 420 886 κινήσειεν
447 803 553 885 αὐτήν
579 802 634 867 καὶ
664 803 854 888 ἀναχθῆναι
876 806 1038 887 ποιήσειε,
1065 804 1127 886 τήν

107 908 257 991 ἀνάγκην
289 909 495 997 ἀπωδύρετο·
527 912 606 986 τοὺς
636 913 816 994 πολεμιόυς
845 912 909 995 γὰρ
938 909 1126 975 ἐπικεῖσθαι

108 1019 222 1102 βαρεῖς
245 1015 345 1103 αὐτῷ,
375 1016 478 1081 αὐτὸν
506 1013 536 1080 δ’
558 1015 741 1099 ἀμηχανεῖν
768 1027 839 1092 τοῖς
865 1027 1041 1104 παροῦσιν,
1075 1016 1127 1100 ἐγ-

108 1120 406 1206 καταλελειμμένον
433 1122 498 1187 ὑπὸ
528 1130 589 1186 τοῦ
612 1129 696 1186 θεοῦ
718 1120 774 1186 καὶ
807 1119 890 1205 μηδέ
913 1125 1126 1210 προρρήσεως

66 1251 94 1290 ιο
108 1227 316 1311 τυγχάνοντα
343 1229 424 1313 μήτε
451 1229 507 1293 διά
534 1238 716 1312 προφητῶν
743 1229 823 1312 μήτε
854 1226 899 1293 δι’
931 1229 1125 1315 ὀνειράτων·

109 1331 179 1397 ’καὶ
208 1335 264 1398 διά
290 1343 389 1399 τοῦτο
418 1331 471 1399 ἐπὶ
495 1331 531 1399 σὲ
554 1335 615 1398 τὸν
638 1333 719 1418 ἐμοῦ
742 1333 1126 1420 προνοησόμενον-κατέ-

106 1438 240 1522 φυγον.’
287 1439 397 1525 <335>
416 1442 615 1524 Σαμοόηλος
633 1437 671 1506 δέ
689 1439 783 1518 τέλος
802 1441 904 1505 αὐτὸν
928 1442 1044 1524 ἔχοντα
1062 1443 1125 1524 ήδη

107 1554 168 1629 τής
189 1550 373 1631 μεταβολῆς
396 1546 495 1633 ὁρῶν,
517 1548 674 1631 περιττὸν
696 1542 758 1631 μὲν
782 1541 873 1611 εἶπεν
897 1548 944 1611 ἔτι
966 1544 1022 1610 καὶ
1045 1545 1123 1631 παρ’

108 1652 191 1739 ἐμοῦ
205 1654 388 1738 βούλεσθαι
402 1659 536 1738 μαθεῖν,
549 1662 610 1718 τοῦ
624 1659 709 1718 θεοῦ
723 1655 998 1729 καταλελοιπότος
1010 1653 1125 1718 αὐτόν·

64 1779 92 1820 15
108 1758 227 1824 ‘ffxove‘
248 1782 286 1842 γε
308 1758 375 1844 μήν
398 1759 448 1824 ὅτι
472 1762 666 1843 βασιλεῦσαι
690 1759 743 1823 δεῖ
758 1759 915 1840 Δαυίδην
931 1756 986 1822 καὶ
1009 1781 1125 1843 κατορ-

107 1872 219 1930 θῦσαι
241 1868 301 1931 τὸν
319 1869 475 1950 πόλεμον,
498 1861 535 1929 σὲ
554 1861 592 1928 δὲ
609 1862 665 1928 καὶ
683 1864 745 1947 τήν
763 1863 868 1949 ἀρχήν
885 1860 941 1928 καὶ
960 1863 1021 1946 τήν
1041 1865 1126 1946 ζωήν

106 1970 282 2056 ἀπολέσαι,
311 1972 420 2055 <336>
442 1979 504 2036 τοῦ
533 1977 618 2036 θεοῦ
641 1971 896 2055 παρακούσαντα
921 1967 957 2034 ἐν
979 1978 1024 2057 τῷ
1043 1973 1126 2057 πρὸς

105 2081 187 2155 τοὺς
212 2076 427 2162 Ἀμαληκίτας
454 2076 586 2165 πολέμῳ
618 2074 673 2142 καὶ
700 2077 759 2152 τὰς
787 2074 922 2152 ἐντολάς
950 2076 1053 2141 αὐτοῦ
1080 2077 1125 2162 μή

106 2183 317 2270 φυλάξαντα,
348 2184 462 2260 καθὼς
493 2183 732 2269 προυφήτευσά
765 2199 818 2247 σοι
845 2180 900 2248 καί
929 2187 1001 2261 ζῶν.
1052 2189 1125 2275 ίσθι

61 2310 91 2351 εο
104 2294 227 2356 τοίνυν
253 2288 309 2354 καὶ
332 2291 392 2353 τὸν
414 2290 497 2354 λαὸν
519 2289 713 2373 ὑποχείριον
735 2299 806 2365 τοῖς
833 2287 967 2373 ἐχθροῖς
990 2293 1125 2373 γενησό-

105 2419 227 2482 μενον,
253 2392 309 2460 καὶ
337 2396 461 2460 σαυτὸν
488 2397 568 2478 μετδι
595 2406 663 2460 τῶν
692 2394 818 2460 τέκνων
841 2396 960 2481 αὔριον
983 2400 1125 2462 πεσόντα

106 2501 163 2569 ἐπὶ
185 2511 245 2585 τής
267 2500 372 2586 μάχης
394 2498 463 2585 μετ’
491 2499 571 2584 ἐμοῦ
594 2499 839 2584 γενησόμενον.’

177 2608 286 2692 <337>
304 2604 396 2673 ταῦτ’
413 2606 557 2682 ἀκούσας
575 2606 592 2671 ὁ
611 2606 766 2681 Σάουλος
784 2608 919 2688 ἀφωνος
936 2608 1001 2672 ὑπὸ
1021 2610 1126 2692 λύπης
1144 2627 1161 2674 3

106 2713 255 2797 ἐγένετο,
281 2711 337 2778 καὶ
363 2710 576 2796 κατενεχθεὶς
603 2714 651 2788 εἰς
677 2712 862 2795 τοῦδαφος,
894 2718 958 2776 εῖτε
986 2713 1042 2776 διὰ
1064 2713 1125 2795 τήν

61 2840 89 2882 2⁵
104 2829 365 2909 προσπεσοῦσαν
392 2819 427 2884 ἐκ
458 2830 527 2884 τῶν
556 2816 795 2902 δεδηλωμένων
822 2817 949 2902 ὀδύνην
977 2824 1042 2883 εἴτε
1069 2820 1125 2884 διδ

104 2928 170 3010 τήν
193 2928 326 2992 ἔνδειαν
349 2926 404 3013 (οὐ
432 2928 495 3011 γάρ
518 2927 759 3013 προσενήνεκτο
787 2926 917 3010 τροφήν
943 2934 982 3010 τῇ
1005 2931 1125 3012 παρελ-

104 3034 220 3118 θούση
233 3031 339 3120 ήμέρᾳ
351 3055 387 3097 τε
405 3030 460 3096 καὶ
473 3030 599 3119 νυκτί),
619 3032 742 3118 ῥαδίως
759 3032 983 3114 κατενήνεκτο.
1016 3030 1126 3113 <338>

102 3143 205 3228 μόλις
228 3136 258 3204 δ’
286 3136 352 3225 (ἐν)
376 3136 496 3203 ἑαυτοῦ
519 3141 699 3221 γενόμενον
723 3137 973 3222 συνηνάγκασεν
995 3135 1015 3218 ή
1039 3136 1124 3219 γυνή

103 3247 311 3332 γεύσασθαι,
343 3246 467 3327 ταύτην
494 3243 672 3328 αἰτουμένη
700 3241 778 3328 παρ’
809 3242 912 3307 αὐτοῦ
938 3243 1000 3324 τήν
1026 3241 1126 3328 χάριν

60 3373 89 3414 το
103 3349 184 3420 ἀντὶ
206 3361 267 3436 τῆς
288 3354 481 3438 παραβόλου
504 3353 669 3434 μαντείας,
692 3350 734 3432 ήν
753 3348 813 3413 οὐκ
832 3347 907 3426 ἐξὸν
926 3349 1008 3434 αὐτή
1031 3338 1125 3430 ποιή-

181 3478 270 3539 §334
289 3499 323 3518 =
343 3472 441 3540 IReg.
461 3470 579 3524 XXVIII
594 3477 634 3529 14.
