2400 3840
546 148 671 200 οΓΔοΗ
1050 148 1115 211 233

100 309 241 371 δικαίου.
288 304 447 391 διέπεμψε
471 304 501 370 δ’
524 307 541 372 ὁ
561 311 717 391 βασιλεὺς
739 307 794 374 καὶ
817 313 894 386 τοὺς
913 307 950 373 ἐν
967 319 1007 395 τή
1026 311 1117 396 χώρα

98 423 167 478 τῶν
189 416 342 497 νομίμων
365 411 672 498 ἐπιμελησομένους.

167 519 277 602 <298>
301 517 356 583 καὶ
378 520 418 583 τά
441 515 503 603 μὲν
523 517 663 585 Ἀσάνου
690 529 750 585 τοῦ
778 519 940 604 βασιλέως
963 530 1031 585 τῶν
1055 520 1116 584 δύο
1135 544 1153 590 3

98 631 219 710 φυλῶν
247 625 284 689 ἐν
310 627 442 702 τούτοις
468 626 629 710 ὑπῆρχεν·
657 625 808 709 ἐπάνειμι
836 623 866 690 δ’
895 624 948 691 ἐπὶ
975 627 1035 691 τὸν
1057 636 1117 691 τοῦ

64 734 253 814 επλήθους
275 742 343 796 τῶν
363 729 574 817 Ἰσραηλιτῶν
597 731 735 816 βασιλέα
757 733 930 816 Βασάνην,
955 735 1014 798 τὸν
1038 731 1118 797 άπο-

97 841 275 903 κτείναντα
288 840 348 903 τὸν
358 835 569 922 Ἱεροβοάμου
582 839 660 904 υλὸν
670 839 832 922 Νάδαβον
844 837 900 903 καὶ
913 842 1118 924 κατασχόντα

96 945 161 1026 τὴν
185 943 300 1028 άρχήν.
345 943 456 1027 <299>
479 938 577 1020 οὗτος
599 946 662 1030 γάρ
686 943 723 1008 ἐν
744 949 856 1031 Θαρσῇ
875 947 970 1009 πόλει
993 945 1118 1029 διατρί-

98 1054 171 1134 βων
203 1048 259 1114 καὶ
290 1051 415 1132 ταύτην
447 1051 638 1135 οἰκητήριον
670 1049 890 1133 πεποιημένος
921 1056 1026 1115 είκοσι
1057 1047 1119 1135 μέν

99 1155 315 1239 ἐβασίλευσεν
342 1157 397 1237 ἐτη
424 1152 480 1219 καὶ
506 1153 658 1240 τέτταρα,
685 1157 831 1239 πονηρὸς
858 1153 895 1221 δὲ
917 1153 973 1220 καὶ
998 1155 1119 1239 ἀσεβής

54 1287 82 1327 ιο
98 1258 185 1346 ὑπὲρ
201 1259 411 1347 Ἱεροβόαμον
432 1258 488 1325 καὶ
511 1262 571 1326 τὸν
592 1262 670 1326 υίὸν
692 1261 796 1327 αὐτοῦ
814 1264 992 1345 γενόμενος
1012 1263 1118 1327 πολλὰ

99 1365 158 1431 καὶ
180 1369 217 1432 τὸ
239 1374 371 1453 πλῆθος
392 1369 476 1432 κακὰ
500 1365 640 1450 διέθηκε,
661 1365 717 1433 καὶ
744 1369 804 1433 τὸν
830 1370 914 1434 θεὸν
938 1366 1119 1452 ἐξύβρισεν.

102 1473 141 1548 ὃς
164 1473 250 1562 αύτῷ
269 1472 400 1559 πέμψας
415 1472 523 1558 Ἰηοῦν
546 1475 606 1538 τὸν
623 1475 799 1559 προφήτην
821 1485 957 1558 προεῖπε
978 1475 1119 1557 διαφθε-

101 1589 175 1664 ρείν
198 1580 302 1645 αὐτοῦ
324 1589 392 1645 πᾶν
415 1580 452 1644 τὸ
476 1577 573 1661 γένος
599 1577 654 1643 καὶ
677 1591 748 1655 τοῖς
770 1580 884 1656 αὐτοῖς
909 1570 960 1656 οἷς
981 1577 1037 1644 καὶ
1059 1581 1120 1645 τὸν

96 1681 310 1770 Ἱεροβοάμου
332 1696 446 1762 κακοῖς
469 1683 664 1770 περιέβαλεν
687 1680 782 1750 οἷκον
805 1684 982 1768 ἐξολέσειν,
1009 1686 1119 1769 <300>

54 1816 82 1856 15
101 1794 153 1857 ὅτι
181 1795 336 1875 βασιλεὺς
362 1789 420 1857 ὑπ’
446 1790 550 1855 αὐτοῦ
578 1793 756 1875 γενόμενος
782 1791 843 1855 ούκ
870 1791 1031 1874 ἠμείψατο
1058 1791 1120 1874 τήν

101 1899 295 1983 εὐεργεσίαν
326 1906 371 1986 τῷ
404 1899 540 1973 δικαίας
570 1905 754 1982 προστῆναι
789 1906 850 1960 τοῦ
882 1899 1035 1980 πλήθους
1065 1895 1120 1961 καὶ

101 2007 256 2089 εὐσεβῶς,
275 2005 357 2089 άπερ
372 2003 485 2080 αὐτοῖς·
498 2014 632 2090 πρῶτον
647 2013 717 2078 τοῖς
731 1995 807 2066 οὖσι
820 2002 984 2078 τοιούτοις
998 2001 1121 2086 άγαθά,

101 2114 214 2176 ἔπειτα
236 2119 281 2198 τῷ
305 2117 374 2199 θεῷ
398 2112 490 2193 φίλα,
513 2111 573 2175 τὸν
595 2105 633 2173 δὲ
651 2108 808 2173 κάκιστον
822 2106 1033 2194 Ἱεροβόαμον
1052 2107 1120 2192 ἐμι-

101 2219 228 2303 μήσατο
251 2215 306 2281 καλ
329 2225 387 2299 τῆς
409 2224 518 2300 ψυχῆς
541 2212 748 2299 ἀπολομένης
774 2223 832 2298 της
861 2213 989 2280 ἐκείνου
1014 2218 1121 2293 ζῶσαν

54 2346 85 2386 εο
102 2323 140 2389 ἐν
168 2325 257 2411 αὑτῷ
284 2323 346 2406 τήν
373 2325 538 2407 πονηρίαν
565 2320 750 2401 ἀνεδέξατο.
799 2332 919 2406 πεῖραν
946 2315 1008 2386 οὖν
1035 2320 1122 2399 ἕξειν

102 2431 238 2506 εἰκότως
269 2437 327 2512 τής
360 2429 476 2512 ὁμοίας
507 2437 682 2514 συμφορᾶς
714 2427 816 2494 αὐτὸν
844 2430 972 2511 ἔλεγεν,
1004 2429 1122 2511 ὅμοιον

101 2537 192 2624 αὐτῷ
219 2538 408 2619 γενόμενον.
455 2534 572 2618 <301>
598 2535 754 2616 Βασάνης
781 2531 818 2597 δὲ
844 2536 1059 2618 προακηκοὼς
1081 2534 1121 2599 τά

102 2640 254 2726 μέλλοντ’
285 2640 374 2729 αὐτῷ
402 2641 632 2724 συμβήσεσθαι
658 2640 743 2703 κακά
770 2636 847 2722 μεθ’
878 2638 957 2720 ὅλης
982 2648 1041 2722 της
1068 2663 1121 2720 χε-

102 2756 181 2825 νείις
204 2745 257 2813 ἐπὶ
279 2758 350 2823 τοῖς
373 2743 641 2830 τετολμημένοις,
669 2743 710 2808 οὐ
732 2746 815 2829 πρὸς
837 2744 875 2807 τὸ
900 2745 1019 2809 λοιπὸν
1041 2743 1121 2825 ἡσύ-

61 2873 88 2914 25
103 2870 215 2938 χασεν,
233 2854 348 2938 ἵναμή
367 2856 494 2937 μάλλον
511 2850 657 2936 πονηρὸς
672 2847 769 2927 δόξας
787 2848 954 2934 άποθάνη,
971 2847 1027 2913 καὶ
1045 2847 1121 2934 περὶ

102 2971 173 3025 τῶν
194 2957 444 3048 παρῳχημένων
467 2956 503 3022 ἐκ
524 2965 585 3022 τοῦ
607 2958 682 3022 τότε
704 2964 788 3038 γοῦν
807 2957 1020 3039 μετανοήσας,
1043 2971 1123 3037 συχ-

102 3067 236 3150 γνώμης
263 3066 352 3150 παρὰ
379 3072 440 3129 τοῦ
467 3069 552 3128 θεοῦ
578 3064 677 3147 τύχη,
707 3062 824 3147 <302>
852 3058 925 3128 ἀλλ’
951 3062 1060 3146 ὥσπερ
1089 3063 1125 3125 οἳ

101 3170 331 3258 προκειμένων
349 3170 463 3246 αὐτοῖς
480 3170 608 3252 άθλων,
629 3167 712 3234 ἐπάν
730 3171 809 3253 περί
823 3190 856 3233 τι
875 3166 1122 3250 σπουδάσωσιν,

102 3279 143 3343 ού
168 3279 377 3343 διαλείπουσι
399 3273 475 3361 περὶ
498 3272 588 3341 τοῦτ’
612 3273 842 3359 ἐνεργοῦντες,
867 3274 954 3338 ούτοι
976 3271 1033 3338 καὶ
1055 3277 1122 3338 Βα-

62 3403 88 3441 εο
103 3385 217 3468 σάνης,
240 3385 475 3469 προειρηκότος
497 3381 586 3470 αὐτῷ
608 3389 669 3446 τοῦ
692 3381 867 3465 προφήτου
889 3380 929 3445 τά
950 3377 1122 3464 μέλλοντα,

175 3509 258 3570 §298
278 3531 312 3551 =
331 3505 430 3574 3Reg.
445 3502 497 3556 XV
511 3508 554 3558 33.
628 3507 709 3568 §300
728 3528 761 3548 =
782 3499 1011 3570 3Regfflh.
