2400 3840
116 111 181 175 28‘2
443 117 447 127 ·
485 109 759 162 ιεειιοιιονιεε

116 273 218 354 όνπερ
238 273 274 336 οἱ
286 270 497 357 Ἱεροβοάμου
516 279 575 335 τοῦ
591 272 785 353 Ναβαταίου
804 269 930 345 παιδὸς
946 267 1005 333 καὶ
1020 271 1139 351 Βαασά,

116 382 291 464 πρόρριζος
310 379 365 442 διά
383 377 445 459 τὴν
464 375 620 460 ἀσέβειαν
637 375 750 440 αὐτῶν
768 374 948 460 ἀφανισθῇ
968 373 1028 440 καὶ
1042 373 1141 459 μηδὲν

116 486 306 570 ὑπολειφθῇ
326 482 454 568 σπέρμα
469 492 527 566 τῆς
537 481 677 566 Ἀχάβου
691 489 815 563 γενεᾶς.
853 479 910 545 καὶ
931 481 949 546 ὃ
969 479 1035 565 μὲν
1052 480 1138 547 ταῦτ’

117 593 219 656 είπὼν
252 588 449 672 ἐξεπήδησεν
481 587 517 652 ἐκ
549 596 609 653 τοῦ
640 589 806 670 ταμιείου,
848 587 1053 665 σπουδάζων
1089 614 1142 672 μη-

82 695 190 763 κδενὶ
213 708 281 761 τῶν
304 695 339 760 έκ
360 705 418 780 τῆς
436 704 591 780 στρατιᾶς
609 694 786 780 ὁραθῆναι,
810 693 924 776 <110>
949 692 1021 758 ὁδ’
1041 692 1160 777 Ἰηοῦςι

117 804 295 890 προελθὼν
321 797 400 884 ηκεν
424 799 477 866 ἐπὶ
504 803 564 865 τὸν
585 804 689 865 τόπον
717 802 801 865 ἔνθα
824 799 907 882 μετά
931 811 1002 864 τῶν
1026 800 1142 884 ἡγεμό-

116 934 187 974 νων
210 906 391 985 ἐκαθέζετο.
431 904 699 990 πυνθανομένου
723 901 760 969 δὲ
783 901 838 968 καὶ
861 904 1007 989 φράζειν
1031 906 1142 983 αὐτοῖς

116 1014 398 1100 παρακαλούντων
420 1016 455 1076 τί
476 1015 559 1098 πρὸς
577 1012 680 1076 αὐτὸν
704 1010 721 1075 ὁ
740 1013 875 1088 νεανίας
894 1010 1068 1097 άφίκοιτο,
1090 1011 1140 1078 καὶ

116 1117 251 1205 προσέτι
274 1122 454 1202 μαίνεσθαι
478 1120 645 1200 λεγόντων
663 1115 784 1198 αὐτόν,
800 1114 884 1181 “άλλ’
907 1117 1028 1202 ὀρθῶς
1047 1117 1078 1201 μ’
1100 1122 1138 1183 εί-

115 1224 246 1289 κάσατε’
271 1219 354 1289 εἷπε·
383 1222 449 1289 καὶ
477 1226 539 1309 γάρ
566 1227 645 1301 τοὺς
672 1226 793 1311 λόγους
815 1225 1006 1306 μεμηνότος
1033 1224 1166 1307 ἐποιη-ιι

117 1331 217 1397 σατο.’
261 1333 369 1414 <111>
389 1331 644 1407 σπουδαζόντων
667 1327 697 1393 δ’
719 1328 858 1393 ἀκοῦσαι
881 1327 938 1392 καὶ
960 1330 1136 1414 δεομένων,

118 1441 181 1522 ἔφη
208 1441 269 1503 τὸν
295 1441 378 1504 θεὸν
406 1438 509 1502 αὐτὸν
541 1433 688 1520 ᾑρῆσθαι
721 1433 858 1518 βασιλέα
889 1443 953 1499 τοῦ
988 1439 1136 1520 πλήθους

117 1543 292 1629 είρηκέναι.
345 1542 437 1608 ταῦτ’
473 1545 624 1619 εἰπόντος
660 1541 795 1618 ἕκαστος
829 1542 1006 1624 περιδύων
1039 1545 1135 1608 αὑτὸν

115 1649 370 1735 ὑπεστρώννυεν
393 1649 482 1736 αὐτῷ
508 1651 546 1714 τὸ
575 1648 720 1732 ίμάτιον,
747 1644 803 1711 καὶ
831 1650 1050 1728 σαλπίζοντες
1072 1660 1135 1724 τοῖς

115 1754 252 1841 κέρασιν
280 1753 460 1839 ἐσήμαινον
480 1753 588 1838 Ἰηοῦν
617 1749 702 1818 εἶναι
726 1750 871 1837 βασιλέα.
918 1753 1042 1838 <112>
1067 1756 1084 1821 ὃ
1107 1754 1132 1819 δ’
1147 1774 1164 1813 15

116 1862 279 1948 ἀθροίσας
305 1862 367 1945 τὴν
394 1863 551 1947 στρατιάν
575 1863 710 1944 ἔμελλεν
733 1857 875 1944 ἐξορμᾶν
902 1856 953 1924 ἐπ’
978 1857 1135 1947 Ἰώραμον

117 1972 164 2046 είς
184 1967 369 2055 Ἰεσράελαν
391 1971 505 2051 πόλιν,
529 1966 566 2031 έν
590 1959 619 2051 ᾗ,
642 1966 756 2042 καθώς
778 1967 993 2050 προείπομεν,
1023 1967 1136 2053 ἐθερα-

116 2078 233 2140 πεύετο
261 2075 322 2157 τὴν
349 2076 478 2158 πληγὴν
506 2073 549 2156 ἣν
576 2075 672 2156 ἔλαβε
699 2074 782 2157 πρὸς
804 2080 843 2156 τῇ
864 2068 1060 2156 Ἀραμάθης
1081 2097 1136 2138 πο-

116 2183 255 2264 λιορκίᾳ.
306 2183 399 2262 ἔτυχε
427 2176 464 2242 δέ
492 2177 546 2243 καὶ
575 2178 592 2243 ὁ
620 2189 688 2242 τών
711 2176 949 2264 Ἰεροσολύμων
979 2182 1137 2261 βασιλεὺς

112 2281 256 2366 Ὀχοζίας
288 2281 470 2364 ἀφιγμένος
500 2284 583 2366 πρὸς
609 2283 669 2346 τὸν
694 2281 865 2368 Ἰώραμον·
899 2283 973 2360 υίὸς
1001 2287 1069 2370 γάρ
1096 2281 1170 2369 ἦνεο

116 2387 219 2453 αὐτοῦ
246 2396 304 2469 της
331 2386 492 2470 άδελφης,
520 2388 565 2464 ώς
591 2385 646 2451 καὶ
674 2391 927 2474 προειρήκαμεν·
958 2388 1136 2469 ἐπισκέψα-

115 2500 197 2558 σθαι
217 2491 253 2560 δέ
267 2505 337 2571 πώς
356 2493 390 2559 ἐκ
410 2503 468 2559 τοῦ
487 2494 673 2580 τραύματος
694 2497 763 2579 έχοι
783 2497 838 2559 διὰ
856 2494 917 2577 τὴν
936 2496 1138 2578 συγγένειαν

116 2600 282 2685 ἐληλύθει.
324 2604 432 2687 (113)
452 2599 557 2685 Ἰηοῦς
581 2597 617 2666 δέ
640 2604 843 2685 βουλόμενος
862 2602 1043 2684 αἰφνιδίως
1068 2617 1138 2681 τοῖς

115 2708 190 2795 περὶ
209 2711 268 2774 τὸν
284 2708 442 2795 Ἰώραμον
460 2719 670 2795 προσπεσεῖν,
691 2707 786 2789 ἠξίου
805 2705 931 2791 μηδένα
949 2717 1018 2772 τῶν
1038 2726 1138 2794 στρα·

114 2827 242 2879 τιωτών
266 2815 456 2901 άποδράντα
481 2825 625 2899 μηνῦσαι
652 2822 754 2878 ταῦτα
781 2822 827 2900 τῷ
848 2810 1006 2901 Ἰωράμῳ·
1034 2826 1138 2882 τοῦτο
1151 2834 1172 2875 ιι

115 2921 178 3004 γάρ
203 2923 338 2985 ἔσεσθαι
362 2922 515 3005 λαμπράν
538 2919 697 2996 ἐπίδειξιν
724 2921 812 3006 αὐτῷ
840 2928 898 3001 τῆς
922 2918 1057 2997 εὐνοίας
1081 2922 1137 2988 καί

82 3044 97 3090 3
115 3035 175 3089 τοῦ
190 3023 419 3109 διακειμένους
432 3025 537 3101 οὕτως
551 3024 721 3103 άποδεϊξαι
736 3025 839 3090 αὐτὸν
853 3024 998 3109 βασιλέα.
1024 3029 1138 3111 <114>

116 3134 151 3194 οἳ
172 3128 209 3194 δὲ
227 3143 297 3206 τοῖς
316 3129 500 3215 εἰρημένοις
522 3128 716 3207 πεισθέντες
739 3130 924 3214 ἐφύλαττον
945 3132 1003 3206 τὰς
1023 3131 1137 3219 ὁδούς,

116 3238 160 3320 μή
179 3261 228 3313 τις
247 3238 294 3312 είς
310 3233 493 3320 Ἰεσράελαν
512 3235 685 3300 διαλαθὼν
703 3237 834 3320 μηνύση
853 3237 955 3302 αὐτὸν
968 3248 1039 3312 τοῖς
1058 3237 1137 3306 ἐκεῖ.

115 3340 169 3404 καὶ
189 3342 206 3407 ὁ
221 3338 282 3425 μέν
294 3340 398 3424 Ἰηοῦς
411 3352 479 3405 τῶν
494 3339 620 3406 ίππέων
633 3344 711 3418 τοὺς
726 3341 916 3419 ἐπιλέκτους
929 3346 1135 3434 παραλαβὼν
1149 3364 1174 3403 ιο

187 3462 551 3531 §110=4Reg.1x11.
