2400 3840
536 186 687 237 ΕΒΔοΜΗ
1056 185 1120 250 165

100 349 188 430 μόνα
218 344 337 428 γένους
363 357 431 411 τῶν
455 344 617 431 Ἑβραίων
644 342 699 411 καὶ
726 355 785 430 τῆς
812 348 940 411 τούτων
968 346 1120 432 εὐδαιμο-

99 456 177 528 νίας
203 446 243 534 ης
268 449 298 514 τ’
327 451 415 540 αὐτῷ
443 456 612 537 βασιλείας
641 453 773 517 ἔδωκεν.
820 453 937 535 <381>
966 449 1018 517 έπὶ
1046 454 1121 517 τού-

100 583 172 634 τοις
200 556 377 642 εὐξάμενος
403 555 502 623 παντὶ
530 567 576 646 τῷ
603 563 672 647 λαςό
699 557 831 640 τάγαθὰ
862 555 918 622 καὶ
949 567 995 647 τῷ
1025 558 1120 624 παιδὶ

101 669 280 747 Σολομῶνι
311 663 465 730 διάνοιαν
491 665 571 746 ὑγιᾶ
597 662 652 728 καὶ
686 665 820 730 δικαίαν
852 663 907 729 καὶ
939 674 1019 730 πάσι
1051 677 1121 742 τοῖς

71 780 160 853 στῆς
183 770 300 856 ἀρετῆς
323 768 457 855 μέρεσιν
481 769 686 857 ἐρρωμένην,
715 769 865 835 ἐκέλευσε
891 767 947 834 καὶ
974 771 1012 835 τὸ
1025 776 1121 940 ὶπλῆ

100 884 166 953 θος
189 877 340 958 εὐλογεῖν
362 877 422 941 τὸν
444 879 537 941 θεόν.
581 873 696 940 καὶοῖ
716 873 777 960 μὲν
800 876 1023 953 πεσόντεςέπ
1025 873 1121 960 ὶτὴν

101 991 167 1066 γῆν
189 983 458 1067 προσεκύνησαν,
481 981 727 1068 ηὐχαρίστησαν
751 979 789 1047 δὲ
811 981 865 1047 καὶ
888 984 1023 1068 Δαυίδη
1046 981 1121 1069 περὶ

100 1090 237 1154 πάντων
269 1083 317 1153 ὧν
349 1089 453 1153 αὐτοῦ
485 1089 546 1172 την
576 1091 749 1173 βασιλείαν
780 1092 1031 1174 παραλαβόντος
1062 1089 1121 1155 ἀπ-

102 1194 256 1259 έλαυσαν.
303 1195 412 1279 <382>
437 1203 476 1280 τῇ
500 1193 531 1259 δ’
558 1194 696 1280 ἐπιούση
723 1199 847 1272 θυσίας
873 1206 918 1284 τῷ
944 1202 1013 1283 θεῷ
1040 1219 1122 1281 παρ-

59 1325 87 1363 10
104 1299 260 1384 έστησαν,
292 1303 436 1386 μόσχους
468 1304 597 1385 χιλίους
628 1299 684 1366 καὶ
715 1305 829 1389 κριοὺς
855 1303 1036 1378 τοσούτους
1067 1300 1122 1367 καὶ

102 1410 232 1491 χιλίους
255 1407 391 1491 ἀμνούς,
414 1407 474 1484 οὐς
497 1407 751 1474 ὡλοκαύτωσαν·
776 1411 905 1474 ἔθυσαν
928 1404 965 1473 δὲ
987 1405 1042 1473 καὶ
1065 1411 1124 1485 τάς
1193 1426 1198 1437 “

103 1515 272 1599 είρηνικάς
294 1516 430 1597 θυσίας,
460 1516 585 1590 πολλάς
611 1515 776 1600 μυριάδας
804 1516 934 1602 ἱερείων
956 1514 1123 1600 κατασφά-

103 1619 227 1698 ξαντες.
275 1616 331 1684 καὶ
361 1617 407 1684 δι’
441 1619 519 1702 ὅλης
548 1628 608 1704 τῆς
636 1619 760 1706 ἡμέρας
792 1619 956 1707 ἑώρτασεν
984 1622 1001 1688 ὁ
1030 1625 1123 1706 βασι·

104 1730 182 1804 λεύς
204 1729 269 1791 σὺν
290 1722 390 1790 παντὶ
408 1735 453 1814 τῷ
476 1730 555 1814 λαῷ,
578 1722 634 1790 καὶ
652 1731 838 1811 Σολομῶνα
862 1729 1019 1812 δεύτερον
1038 1729 1124 1812 ἔχρι-

59 1852 86 1893 15
104 1849 168 1897 σαν
203 1841 249 1919 τῷ
286 1829 401 1921 έλαίςο,
436 1829 492 1895 καὶ
529 1828 706 1908 ἀπέδειξαν
742 1831 845 1896 αὐτὸν
881 1830 1032 1915 βασιλέα,
1068 1829 1123 1895 καὶ

103 1939 269 2002 Σάδωκον
301 1934 454 2024 ἀρχιερέα
485 1944 544 2020 τῆς
574 1937 727 2020 πληθύος
760 1937 896 2018 ἀπάσης.
943 1942 990 2012 είς
1021 1959 1055 2000 τε
1085 1939 1123 2001 τὸ

103 2043 482 2128 βασίλειονάγαγόντες
505 2047 692 2127 Σολομῶνα
720 2041 776 2108 καὶ
799 2045 999 2118 καθίσαντες
1021 2042 1124 2108 αὐτὸν

103 2149 157 2215 ἐπὶ
180 2152 312 2237 θρόνου
334 2159 394 2214 τοῦ
416 2146 582 2239 πατρῷον,
606 2147 662 2214 ἀπ’
689 2148 815 2233 ἐκείνης
838 2159 896 2235 τῆς
918 2147 1042 2236 ἡμέρας
1063 2149 1124 2214 ὐπ-

102 2259 228 2340 ηκουον
251 2256 349 2344 αὐτῷ.

61 2383 88 2424 20
172 2363 290 2446 <383>
323 2358 391 2445 μετ’
424 2361 541 2444 ὀλίγον
573 2358 611 2426 δὲ
641 2364 766 2448 χρόνον
798 2361 816 2428 ὁ
843 2364 996 2447 Δαυίδης
1026 2387 1124 2428 κατα·
1136 2362 1177 2430 15

102 2471 214 2535 πεσὼν
233 2470 281 2544 είς
303 2470 407 2533 νόσον
429 2469 494 2534 ὑπὸ
517 2471 642 2556 γήρως,
669 2466 724 2532 καὶ
748 2470 910 2546 συνειδὼς
938 2470 989 2534 ὅτι
1012 2469 1124 2553 μέλλει

102 2582 273 2658 τελευτάν,
296 2573 437 2651 καλέσας
459 2575 519 2639 τὸν
546 2574 623 2639 υἱὸν
647 2578 834 2656 Σολομῶνα
862 2572 1018 2657 διελέχθη
1041 2577 1125 2659 πρὸς

103 2682 207 2747 αὐτὸν
230 2681 351 2746 τοιάδε.
397 2678 473 2762 εἐγὼ
496 2676 569 2762 μέν,
592 2674 618 2742 ὦ
642 2675 775 2761 τέκνον,
799 2680 846 2753 εἰς
868 2679 905 2743 τὸ
929 2679 1037 2764 χρεὼν
1059 2681 1124 2762 ἥδη

103 2786 159 2854 καὶ
186 2785 328 2874 πατέρας
360 2788 438 2862 τοὺς
470 2783 569 2869 έμούς
599 2783 860 2868 ἀπαλλάττομαι,
893 2784 1011 2867 κοινὴν
1043 2784 1125 2850 δδδν

64 2912 89 2952 25
104 2895 262 2960 ἁπάντων
293 2904 361 2958 τῶν
390 2915 427 2956 τε
453 2899 518 2956 νῦν
546 2876 654 2956 όνύων
685 2886 841 2976 καὶτῶν
869 2887 1035 2975 ἐσομένων
1066 2912 1125 2955 πο-

105 3004 299 3088 ρευόμενος,
328 2996 360 3076 έξ
383 2992 423 3082 ης
446 2994 561 3062 οὐκέθ’
588 2986 662 3061 οἷόν
688 3019 724 3061 τε
747 2994 975 3061 ἐπανελθόντα
998 3007 1125 3078 γνῶναι

104 3111 140 3173 τί
160 3108 242 3172 κατὰ
265 3108 324 3171 τὸν
348 3108 425 3189 βίον
446 3103 632 3190 πράττεται.
679 3103 797 3188 <384>
826 3103 879 3168 διὸ
908 3105 972 3180 ζῶν
1000 3103 1047 3166 ἔτι
1069 3101 1124 3167 καὶ

105 3216 189 3300 πρὸς
220 3212 309 3300 αὐτῷ
342 3211 488 3295 γεγονὼς
519 3210 594 3296 ἀρτι
626 3217 671 3297 τῷ
701 3214 858 3274 τελευτᾶν
887 3218 1038 3294 παραινῶ
1071 3224 1124 3273 σοι
1151 3225 1156 3265 ξ’

105 3318 205 3385 ταῦθ’
236 3319 256 3384 δ
285 3316 341 3384 καὶ
368 3320 533 3402 πρότερον
566 3317 678 3399 ἔφθην
711 3314 975 3399 συμβουλεύσας,
1008 3314 1125 3403 δικαίῳ

65 3445 92 3484 ³0
106 3423 168 3510 μέν
193 3420 278 3490 εἶναι
301 3425 384 3511 πρὸς
407 3425 485 3499 τούς
507 3418 726 3508 ἀρχομένους,
751 3419 881 3504 εὐσεβεῖ
902 3416 938 3484 δὲ
961 3421 1046 3506 πρὸς
1067 3423 1127 3484 τὀυ

178 3552 264 3612 §381
285 3572 318 3590 =
339 3543 460 3600 1Paral.
480 3540 570 3597 XXIX
587 3548 609 3597 1.
686 3547 777 3614 §383
799 3571 833 3591 =
853 3539 1061 3610 wegxxx.
