2400 3840
119 125 163 189 80
483 125 757 176 ΑΡΧΑΙΟΛΟΓΙΑΣ

119 283 180 370 μέν
206 289 285 364 τοὺς
312 289 492 370 πολεμίους
519 288 722 370 κομίσασθαι
750 282 787 350 δὲ
813 287 920 350 πάντα
947 287 986 349 τά
1015 285 1137 367 αὑτῶν,

119 402 221 458 πᾶσιν
251 391 284 470 ἐξ
317 399 392 458 ἴσον
421 405 492 470 τοῖς
524 390 821 477 στρατευσαμένοις
853 395 1043 476 μερίζεσθαι
1076 391 1139 474 τὴν

26 498 33 513 '
120 497 296 583 ὠφέλειαν,
318 496 374 563 καὶ
397 496 490 563 ταῦτ’
516 496 569 562 ἐπὶ
597 504 729 582 φυλακῇ
756 509 824 562 τῶν
847 509 976 562 σκευῶν
999 522 1138 582 μεμενη-

20 658 25 664 ,
119 608 235 670 κόπων.
287 605 395 688 <367>
422 603 478 669 καὶ
506 603 539 682 ἐξ
568 602 698 669 ἐκείνου
724 608 828 688 νόμος
856 600 953 682 οὗτος
981 604 1138 688 ἐκράτησε

119 709 197 796 παρ’
227 709 355 793 αὐτοῖς,
386 710 443 774 ἵνα
469 709 573 775 ταύτά
600 721 670 787 τοῖς
698 709 895 794 μαχομένοις
923 709 1165 794 λαμβάνωσινε

120 817 155 881 oc
184 817 225 881 τά
258 816 357 898 σκεύη
387 815 620 899 φυλάττοντες.
672 819 851 899 γενόμενος
884 814 915 880 δ’
946 815 982 880 ἐν
1009 820 1138 902 Σεκελᾷ

119 923 272 1004 Δαυίδης
286 919 488 1006 διεπέμψατο
506 930 586 986 πᾶσι
609 933 679 997 τοῖς
703 920 740 986 έν
758 930 797 1006 τῇ
818 919 926 986 ’Ἰούδα
949 928 1038 1007 φυλῖγ
1059 939 1138 987 συν-

119 1029 218 1108 ήθεσι
241 1024 297 1091 καὶ
320 1031 433 1112 φίλοις
455 1027 640 1112 ἀπομοίρας
662 1038 730 1091 τῶν
753 1028 923 1112 λαφύρων.

185 1130 304 1198 καὶτὰ
327 1131 388 1218 μὲν
410 1132 486 1219 περὶ
508 1134 570 1216 τὴν
593 1139 748 1199 Σεκελῶν
774 1137 944 1220 πόρθησιν
966 1132 1021 1198 καὶ
1042 1132 1138 1219 Ἀμα-

85 1259 100 1307 7
119 1244 263 1322 ληκιτῶν
276 1238 450 1326 ἀναίρεσιν
463 1239 570 1317 ούτως
589 1238 731 1323 ἐγένετο·
751 1240 861 1324 <368>
875 1251 942 1305 τῶν
959 1238 996 1305 δὲ
1010 1245 1139 1306 Παλαι-
1154 1263 1179 1302 10

120 1357 244 1412 στινῶν
272 1348 510 1430 συμβαλόντων
541 1344 597 1410 καὶ
629 1354 790 1431 καρτερᾶς
821 1345 927 1430 μάχης
958 1346 1139 1431 γενομένης

120 1463 236 1517 νικῶσι
260 1448 321 1536 μὲν
344 1453 379 1516 ολ
397 1449 618 1517 Παλαιστιυοὶ
638 1450 694 1516 καὶ
713 1456 857 1528 πολλοὺς
875 1451 1051 1538 ἀναιροῦσι
1071 1466 1139 1518 τῶν

121 1556 297 1642 ἐναντίων,
333 1559 488 1635 Σάουλος
521 1556 551 1623 δ’
587 1558 605 1624 ὁ
637 1570 705 1623 τῶν
734 1556 946 1644 Ἰσραηλιτῶν
983 1563 1138 1644 βασιλεὺς

119 1662 175 1728 καὶ
199 1665 233 1729 οί
253 1665 370 1740 παῖδες
392 1664 496 1729 αὐτοῦ
519 1668 680 1746 γενναίως
708 1664 944 1749 ἀγωνιζόμενοι
971 1665 1026 1730 καὶ
1049 1668 1138 1750 πάση

120 1775 294 1859 προθυμία
315 1773 490 1856 χρώμενοι,
513 1771 559 1848 ὡς
581 1770 618 1836 ἐν
641 1775 731 1861 μόνῳ
754 1781 800 1861 τῷ
822 1778 930 1848 καλῶς
951 1773 1138 1837 ἀποθανεῖν
1153 1792 1178 1831 15

120 1876 176 1943 καὶ
199 1882 396 1963 παραβόλως
414 1879 687 1944 διακινδυνεῦσαι
706 1890 776 1955 τοῖς
793 1882 964 1962 πολεμίοις
981 1887 1040 1962 τῆς
1059 1879 1138 1960 ὅλης

120 1985 234 2062 αὐτοῖς
257 1984 355 2068 δόξης
377 1982 594 2068 ἀποκειμένης
616 1980 732 2070 (οὐδὲν
760 1985 822 2068 γάρ
845 1984 967 2048 τούτου
989 1987 1138 2067 περιττό-

120 2113 218 2174 τερον
247 2087 367 2176 εἶχον),
400 2092 509 2174 <369>
537 2088 772 2174 ἐπιστρέφουσι
803 2099 913 2154 πᾶσαν
941 2091 989 2165 είς
1016 2090 1138 2165 αὑτοὺς

119 2195 181 2276 τὴν
208 2207 276 2259 τῶν
304 2194 436 2280 ἐχθρῶν
459 2195 614 2279 φάλαγγα
640 2193 696 2259 καὶ
723 2194 1027 2280 περικυκλωθέντες
1057 2196 1138 2262 ἀπο-

120 2301 321 2383 θνήσκουσι,
353 2303 498 2376 πολλοὺς
523 2311 591 2364 τῶν
619 2302 855 2366 Παλαιστινῶν
887 2305 1137 2385 καταβαλόντες.
1152 2323 1178 2362 εο

119 2400 205 2487 ἦσαν
228 2403 259 2468 δ’
286 2407 320 2471 οῖ
341 2407 499 2471 Σαούλου
521 2407 639 2481 παῖδες
660 2404 819 2490 Ἰωνάθης
842 2405 897 2472 καὶ
918 2404 1138 2493 Ἀμινάδαβος

119 2509 174 2576 καὶ
206 2514 383 2595 Μελχισός.
437 2512 565 2576 τούτων
602 2516 773 2578 πεσόντων
804 2513 954 2599 τρέπεται
991 2517 1028 2580 τὸ
1069 2527 1137 2581 τῶν

116 2615 279 2704 Ἑβραίων
306 2624 452 2703 πλῆθος,
484 2615 540 2684 καὶ
572 2617 713 2705 ἀκοσμία
741 2617 797 2686 καὶ
826 2623 984 2706 σύγχυσις
1010 2625 1137 2704 γίνεται

120 2724 175 2790 καὶ
195 2727 300 2809 φόνος
318 2724 534 2811 ἐπικειμένων
550 2737 619 2792 τῶν
636 2733 813 2811 πολεμίων.
858 2729 967 2811 <370>
983 2729 1137 2805 Σάουλος

122 2829 158 2897 δὲ
181 2832 298 2916 φεύγει
320 2836 481 2919 καρτερὸν
505 2846 622 2918 στῖφος
645 2837 730 2917 έχων
752 2831 827 2918 περὶ
852 2833 968 2918 αὑτόν,
991 2833 1046 2898 καὶ
1069 2848 1137 2901 τῶν
1151 2852 1177 2892 2⁵

121 2943 359 3003 Παλαιστινῶν
395 2938 649 3023 ἐπιπεμψάντων
686 2939 881 3015 ἀκοντιστὰς
916 2938 971 3005 καὶ
1002 2939 1138 3019 τοξότας

120 3044 246 3121 πάντας
264 3040 326 3128 μὲν
344 3042 524 3128 ἀποβάλλει
543 3045 630 3128 πλὴν
649 3045 783 3128 ὀλίγων,
807 3044 906 3121 αὐτὸς
925 3043 961 3110 δὲ
980 3051 1138 3132 λαμπρῶς

121 3150 368 3235 ἀγωνισάμενος
394 3148 449 3214 καὶ
476 3152 583 3216 πολλά
610 3152 780 3236 τραύματα
812 3153 923 3234 λαβὼν
951 3152 995 3227 ὡς
1022 3153 1136 3235 μηκέτι

122 3257 350 3344 διακαρτερεῖν
363 3257 429 3341 μηδ
432 3254 440 3279 '
457 3255 607 3341 ἀντέχειν
619 3269 692 3332 ταῖς
705 3261 856 3339 πληγαῖς,
870 3255 1059 3321 ἀποκτεῖναι
1074 3257 1137 3341 μὲν

121 3361 224 3427 αὑτὸν
247 3362 395 3447 ἠσθένει,
417 3364 543 3428 κελεύει
565 3360 603 3428 δὲ
620 3365 680 3428 τὸν
699 3363 901 3447 ὁπλοφόρον,
925 3363 1137 3446 σπασάμενον
1151 3382 1177 3422 ³0

189 3487 275 3547 §367
296 3509 328 3529 =
350 3486 448 3555 lReg.
466 3483 543 3538 XXX
557 3490 600 3542 26.
673 3484 1033 3551 §368=1Paral.x1.
