2400 3840
120 166 187 232 294
490 171 764 224 Apmvomz

116 333 283 414 μεταβολή
310 339 371 396 τοῦ
398 329 560 418 βασιλέως
585 329 640 396 καί
668 343 737 397 τῶν
763 333 892 416 ἀλλων,
920 332 1053 419 πέμπει
1077 340 1152 413 τοὺς

118 438 292 523 προφήτας
320 435 691 523 διαμαρτυρησομένους
718 460 754 503 τε
780 439 821 503 τά
847 444 1072 525 πραττόμενα
1099 440 1151 507 καί

117 545 308 621 παύσοντας
330 553 388 628 τῆς
410 547 573 630 πονηρίας
591 543 722 621 αὐτούς.
764 545 874 630 <168>
895 549 933 611 οἳ
949 545 984 610 δ’
1009 551 1151 634 ἰσχυρὸν

118 651 224 735 ἔρωτα
241 647 296 715 καί
317 650 433 734 δεινήν
452 648 635 735 ἐπιθυμίαν
653 651 718 735 ἀρα
736 652 857 734 ταύτης
873 647 980 737 εἶχον,
1002 655 1053 732 ὡς
1067 653 1148 739 μήθ’

116 747 169 832 οίς
192 756 228 821 οί
247 757 312 842 πρὸ
336 755 447 822 αὐτῶν
471 755 702 842 ἐξυβρίσαντες
725 759 773 834 είς
795 759 835 822 τὰ
858 761 988 843 νόμιμα
1011 759 1170 826 πανοικίο

117 859 339 938 κολασθέντες
366 863 496 927 ἔπαθον
523 859 604 947 μήθ’
631 853 682 940 οἷς
704 863 739 928 οί
759 871 930 948 προφῆται
952 868 1148 950 προύλεγον

116 965 311 1043 πεισθέντες
333 975 534 1051 μετανοῆσαι
556 966 612 1033 καί
635 974 810 1054 μετελθεῖν
833 967 866 1047 ἐξ
890 963 942 1034 ὧν
964 973 1017 1048 είς
1038 970 1147 1038 ἐκεῖνα

116 1073 410 1157 παρανομήσαντες
437 1071 637 1159 ἐτράπησαν·
668 1075 752 1140 ἀλλὰ
778 1073 834 1140 καὶ
863 1078 1043 1161 Ζαχαρίαν
1071 1080 1146 1143 υίὸν

116 1184 177 1241 τοῦ
196 1175 374 1263 ἀρχιερέως
389 1175 525 1244 Ἰουδαίου
544 1183 657 1258 λίθοις
676 1180 693 1246 ὁ
713 1183 868 1265 βασιλεὺς
889 1179 1049 1249 ἐκέλευσε
1068 1188 1144 1269 βλη-

116 1280 222 1348 θέντα
245 1283 433 1350 ἀποθανεῖν
460 1282 497 1350 ἐν
519 1295 565 1374 τῷ
589 1286 682 1376 ίερῷ,
709 1297 778 1352 τῶν
800 1295 860 1352 τοῦ
885 1290 1016 1373 πατρὸς
1041 1290 1143 1356 αὐτοῦ
1155 1305 1175 1345 1⁰

116 1389 317 1477 εὐεργεσιῶν
330 1394 529 1476 λαθόμενος,
548 1392 658 1476 <169>
674 1393 725 1458 ὅτι
739 1400 799 1457 τοῦ
813 1397 898 1456 θεοῦ
911 1399 1143 1478 προφητεύειν

116 1495 220 1561 αὐτὸν
243 1496 479 1576 ἀποδείξαντος
501 1498 580 1575 στάς
602 1497 640 1563 ἐν
662 1496 750 1587 μέσφ
768 1507 814 1588 τῷ
832 1499 957 1581 πλήθει
978 1504 1143 1586 συνεβού-

116 1605 214 1666 λευεν
236 1601 326 1689 αὐτῷ
348 1627 385 1669 τε
406 1602 461 1669 καί
484 1614 529 1692 τῷ
549 1608 682 1689 βασιλεῖ
701 1606 742 1669 τά
760 1605 872 1669 δίκαια
890 1604 1065 1691 πράττειν,
1089 1606 1141 1673 καί

117 1706 168 1771 ὅτι
190 1711 353 1794 τιμωρίαν
380 1710 527 1795 μεγάλην
552 1708 715 1795 ὑφέξουσι
742 1711 786 1796 μή
813 1712 1013 1794 πειθόμενοι
1037 1716 1141 1799 πρού·

116 1817 200 1896 λεγε.
237 1820 401 1882 τελευτῶν
419 1815 532 1902 μέντοι
550 1819 716 1903 Ζαχαρίας
734 1817 884 1902 μάρτυρα
902 1814 957 1880 καὶ
978 1818 1142 1904 δικαστήν
1154 1835 1173 1875 1⁵

116 1913 165 1984 ὧν
192 1923 312 2006 ἔπασχε
339 1925 399 1988 τὸν
426 1925 512 1988 θεὸν
538 1921 695 2006 ἐποιεῖτο,
722 1920 797 1987 ἀντὶ
820 1930 963 2008 χρηστῆς
991 1929 1143 2010 συμβου-

116 2027 200 2109 λίας,
223 2025 279 2092 καὶ
302 2022 351 2092 ὧν
374 2029 392 2094 ὁ
415 2030 522 2115 πατήρ
546 2028 651 2095 αὐτοῦ
674 2026 837 2115 παρέσχεν
856 2025 990 2117 Ἰωάσφ,
1014 2043 1142 2116 πικρῶς

115 2129 171 2193 καὶ
195 2135 312 2213 βιαίας
335 2132 572 2218 ἀπολλύμενος.

80 2253 98 2301 4
183 2229 293 2318 <170>
316 2238 418 2301 ἔδωκε
441 2236 555 2320 μέντοι
578 2237 610 2320 γ’
632 2239 693 2304 οὐκ
716 2242 764 2317 είς
787 2241 915 2326 μακρὰν
939 2239 956 2305 δ
980 2243 1142 2324 βασιλεὺς

114 2341 213 2422 δίκην
236 2333 285 2405 ὧν
306 2343 545 2426 παρενόμησεν.
588 2341 791 2427 ἐμβαλόντος
813 2347 875 2431 γάρ
892 2343 1052 2428 Ἀζαήλου
1078 2357 1140 2413 τοῦ
1154 2364 1176 2403 2⁰

111 2446 241 2531 Σύραν
263 2444 425 2530 βασιλέως
448 2450 496 2526 είς
517 2448 579 2531 τήν
599 2449 712 2534 χώραν
731 2450 834 2516 αὐτοῦ
852 2449 908 2516 καὶ
925 2452 987 2534 τήν
1005 2475 1043 2517 τε
1064 2457 1140 2517 Γίτ-

109 2577 177 2620 ταν
200 2552 512 2640 καταστρεψαμένου
535 2551 591 2621 καλ
613 2558 875 2640 λεηλατήσαντος
903 2553 973 2643 (καὶ
998 2556 1140 2639 μέλλον-

115 2660 187 2750 τος)
217 2659 266 2728 ἐπ’
298 2663 400 2729 αὐτὸν
429 2665 619 2751 στρατεύειν
647 2665 695 2740 είς
713 2661 938 2749 Ἱεροσόλυμα,
971 2662 1141 2747 φοβηθεὶς

115 2769 135 2834 ὁ
156 2767 297 2853 Ἰώασος,
320 2769 446 2848 πάντας
465 2770 647 2847 ἐκκενώσας
665 2771 743 2845 τοὺς
760 2776 820 2833 τοῦ
838 2774 923 2833 θεοῦ
941 2772 1140 2854 θησαυροὺς

114 2873 171 2940 καὶ
199 2878 277 2951 τοὺς
309 2887 378 2939 τῶν
409 2880 602 2960 βασιλείων,
634 2873 689 2939 καὶ
721 2874 938 2958 τάναθήματα
969 2877 1138 2957 καθελών,
1152 2891 1177 2933 2⁵

118 2982 241 3066 ἐπεμήιε
268 2989 313 3068 τῷ
341 2981 459 3068 Σύρῳ,
489 2982 621 3055 τούτοις
648 2979 838 3065 ὠνούμενος
864 2979 901 3043 τὸ
929 2979 972 3062 μή
1000 2985 1138 3064 πολιορ-

116 3093 263 3170 κηθῆναι
282 3081 365 3170 μηδὲ
382 3085 594 3149 κινδυνεύειν
613 3081 689 3168 περὶ
706 3096 774 3150 τῶν
793 3085 889 3151 ὅλοιν.
930 3084 1041 3168 <171>
1061 3086 1080 3150 ὃ
1101 3084 1138 3151 δὲ

117 3189 268 3267 πεισθεὶς
289 3199 329 3276 τη
352 3201 420 3255 τῶν
437 3189 614 3273 χρημάτων
632 3189 799 3275 ὑπερβολή
818 3191 879 3274 τήν
898 3191 1055 3273 στρατιὰν
1075 3192 1138 3257 οὐκ

119 3295 283 3379 ἐπήγαγεν
315 3292 368 3361 ἐπὶ
402 3297 442 3359 τά
470 3291 689 3377 Ἱεροσόλυμα.
744 3297 832 3381 νόσφ
863 3292 978 3376 μέντοι
1009 3301 1136 3381 χαλεπῇ

189 3437 272 3498 §168
292 3460 326 3479 =
345 3431 468 3488 2Paral.
487 3431 579 3484 XXIV
595 3437 635 3486 19.
745 3435 827 3496 §1⁷0
847 3457 881 3477 =
899 3438 916 3486 4
931 3432 999 3502 Reg.
1019 3433 1072 3486 XII
1088 3441 1135 3501 173

119 3527 135 3576 2
150 3519 242 3575 Paral.
256 3520 347 3574 XXIV
361 3527 405 3576 23.
