2400 3840
538 128 637 178 EKTH
764 123 768 131 ·
1057 128 1097 192 31

82 293 168 376 λιμῷ
192 283 248 352 καὶ
272 288 377 370 δίψει,
405 287 463 363 τὰς
491 285 522 351 δ’
548 289 662 365 ἀλλοις
688 290 825 373 τρόποις
849 288 1105 375 ἐκπολιορκήσας

81 391 137 458 καὶ
161 394 276 476 λαβὼν
298 393 380 458 κατὰ
402 392 532 476 κράτος,
557 392 609 458 ἐπὶ
629 395 763 478 σφαγήν
782 406 952 475 γυναικῶν
969 394 1023 460 καὶ
1047 420 1104 478 νη-

81 504 169 565 πίων
194 498 369 584 ἐχώρησεν,
393 495 495 565 οὐδὲν
518 500 610 584 ώμὸν
633 499 707 566 οὐδ’
728 501 946 585 ἀνθρωπίνης
964 506 1103 588 σκληρό-

81 629 181 692 τερον
208 606 469 691 διαπράττεσθαι
497 607 630 691 φάσεως
656 605 856 691 ἡγούμενος,
882 619 1016 693 πρῶτον
1043 604 1104 691 μὲν

57 716 263 797 ὁπολεμίους
281 721 384 777 ταῦτα
404 713 505 796 ἀρῶν,
529 715 640 778 ἔπειτα
658 714 884 799 προστάγματι
903 720 998 797 θεοῦ,
1022 707 1048 801 β
1065 716 1103 779 τὸ

81 820 125 903 μὴ
144 823 326 884 πείθεσθαι
344 820 506 884 κίνδυνον
526 821 632 903 ἔφερε.
678 820 787 902 <13ῑ>
807 820 967 904 λαμβάνει
993 817 1030 884 δὲ
1047 818 1103 884 καὶ

81 928 141 991 τὸν
160 923 298 1010 βασιλέα
316 935 385 989 τῶν
404 923 537 1009 ἐχθρῶν
546 923 693 1009 ’Ἁγαγον
711 928 932 1011 αἰχμάλωτον·
957 921 998 991 οὗ
1016 933 1101 997 θαυ-

81 1032 188 1117 μάσας
206 1033 243 1096 τὸ
262 1031 384 1108 κάλλος
401 1029 456 1096 καὶ
475 1033 512 1096 τὸ
530 1030 673 1115 μέγεθος
691 1042 752 1097 τοῦ
771 1034 919 1118 σώματος
939 1036 1102 1118 σωτηρίας

81 1137 175 1216 ἀξιον
200 1140 340 1223 ἐκρινεν,
364 1135 473 1203 οὐκέτι
497 1147 595 1202 τοῦτο
624 1149 730 1204 ποιῶν
752 1139 834 1204 κατά
858 1140 1019 1222 βούλησιν
1041 1149 1101 1204 τοῦ

45 1262 69 1301 1⁰
81 1251 176 1329 θεοῦ,
195 1244 298 1310 πάθει
320 1239 357 1308 δέ
376 1244 558 1328 νικώμενος
574 1245 649 1334 ἰδίῳ
663 1243 718 1309 καὶ
732 1246 945 1330 χαριζόμενος
959 1244 1102 1330 ἀκαίρως

80 1349 155 1436 περὶ
180 1345 230 1416 ὧν
253 1350 314 1415 οὐκ
333 1344 421 1434 εἶχεν
439 1349 623 1415 ἀκίνδυνον
643 1348 797 1428 ἐξουσίαν
816 1356 928 1439 οῖ’κτω·
954 1351 1062 1433 <138>
1083 1351 1101 1416 ὁ

80 1453 223 1543 μὲνγὰρ
243 1457 324 1533 θεὸς
343 1456 449 1533 οὕτως
468 1455 601 1540 ἐμίσησε
617 1458 654 1521 τὸ
674 1469 742 1521 τῶν
758 1454 982 1542 Ἀμαληκιτῶν
1001 1459 1101 1533 ἔθνος

80 1563 124 1640 ώς
148 1559 233 1648 μηδὲ
255 1552 385 1646 νήπίων
409 1556 591 1648 φείσασθαι
619 1568 786 1646 κελεῦσαι,
814 1565 897 1648 πρὸς
926 1562 946 1627 ἀ
974 1568 1101 1646 μᾶλλον

80 1674 171 1748 ἔλεος
194 1673 350 1752 γίνεσθαι
373 1655 511 1753 πέφυκε,
534 1669 688 1745 Σάουλος
711 1666 743 1733 δ’
764 1669 867 1733 αὐτὸν
885 1671 945 1733 τὸν
964 1667 1101 1753 βασιλέα

44 1793 66 1832 1⁵
79 1775 134 1842 καὶ
158 1778 219 1841 τὸν
241 1775 387 1861 ἡγεμόνα
410 1786 478 1840 τῶν
506 1776 554 1852 είς
572 1773 747 1860 Ἑβραίους
773 1785 884 1839 κακῶν
908 1776 1020 1856 ἐσωσε,
1043 1783 1101 1856 τῆς

79 1885 210 1968 μνήμης
233 1877 281 1948 ὧν
305 1880 491 1947 ἐπέστειλεν
515 1882 533 1947 ὁ
556 1882 637 1956 θεὸς
657 1881 694 1944 τὸ
718 1889 779 1944 τοῦ
797 1883 957 1963 πολεμίου
980 1879 1101 1956 κάλλος

79 1987 284 2075 ἐπίπροσθεν
306 1987 537 2073 ποιησάμενος.
583 1985 805 2071 συνεξήμαρτε
828 1984 859 2049 δ’
880 1985 968 2073 αὐτῷ
987 1983 1042 2049 καὶ
1061 1987 1099 2050 τὸ

77 2101 223 2179 πλῆθος·
259 2094 368 2178 <139>
396 2092 451 2159 καὶ
484 2095 546 2179 γάρ
582 2092 703 2184 ἐκεῖνοι
730 2103 798 2158 τῶν
829 2094 1018 2175 ὑποζυγίων
1044 2091 1099 2157 καὶ
1183 2166 1184 2170 ¹

77 2213 146 2267 τῶν
171 2201 390 2285 βοσκημάτων
405 2199 591 2285 ’ἐφείσαντο
615 2196 671 2264 καὶ
695 2200 893 2284 διήρπασαν,
916 2200 960 2284 μή
986 2211 1100 2284 τηρεῖν

39 2323 64 2362 ²⁰
78 2308 164 2373 αὐτά
185 2316 247 2373 τοῦ
274 2314 359 2372 θεοῦ
383 2307 616 2389 κελεύσαντος,
643 2306 684 2371 τά
706 2304 736 2371 τ’
762 2307 845 2372 ἀλλα
873 2308 1022 2392 χρήματα
1044 2303 1099 2370 καὶ

76 2415 137 2479 τὸν
160 2419 308 2479 πλοῦτον
332 2411 550 2498 ἐξεφόρησαν·
580 2415 610 2477 εἰ
637 2412 677 2477 δέ
701 2437 733 2478 τι
761 2414 805 2497 μή
836 2414 983 2495 σπουδῆς
1006 2411 1100 2489 ἀξιον

75 2514 120 2603 ἦν
144 2521 227 2586 ὥστε
251 2526 442 2604 κεκτῆσθαι,
466 2516 675 2603 διέφθειραν.

170 2626 280 2710 <140>
300 2627 438 2709 νικήσας
457 2621 494 2690 δὲ
513 2625 668 2700 Σάουλος
687 2625 834 2700 ἅπαντας
851 2627 930 2699 τοὺς
948 2623 1012 2687 ἀπὸ
1028 2627 1136 2704 HJJ-³

74 2736 218 2799 λουσίου
246 2741 305 2816 τῆς
330 2733 505 2815 Αἰγύπτου
532 2732 741 2813 καθήκοντας
768 2728 830 2806 ἕως
856 2738 914 2811 τῆς
934 2725 1100 2811 Ἐρυθρᾶς

35 2853 60 2894 ²⁵
74 2838 260 2922 θαλάττης,
284 2836 458 2924 διέφθειρε
480 2839 521 2902 τά
544 2849 612 2902 τῶν
634 2838 816 2920 πολεμίων,
842 2834 1038 2921 παραλιπὼν
1060 2835 1097 2898 τὸ

74 2956 144 3011 τῶν
168 2949 356 3030 Σικιμιτῶν
381 2945 494 3020 ἔθνος·
519 2937 611 3007 οὗτοι
630 2943 693 3027 γάρ
713 2940 751 3007 ἐν
768 2950 806 3027 τῇ
826 2943 986 3026 Μαδιηνῇ
1009 2941 1099 3026 χώρᾳ

75 3050 172 3136 μέσοι
194 3048 412 3136 κατῴκηνται.
458 3049 522 3133 πρὸ
551 3045 589 3112 δὲ
615 3057 673 3131 τής
695 3048 800 3133 μάχης
822 3047 952 3132 πέμψας
974 3047 1098 3130 παρήγ-

75 3162 188 3240 γειλεν
211 3157 326 3234 αὐτοῖς
351 3155 552 3240 ἀναχωρεῖν,
575 3155 619 3239 μή
642 3166 712 3231 τοῖς
732 3151 960 3239 Ἀμαληκίταις
982 3176 1098 3217 κοινω-

73 3265 202 3347 νήσωσι
240 3270 299 3346 τής
333 3269 520 3346 συμφοράς·
557 3270 729 3342 συγγενεῖς
761 3261 824 3343 γάρ
853 3259 974 3335 αὐτοὺς
999 3262 1099 3335 ὄντας

32 3388 60 3428 ⁸⁰
71 3369 276 3453 Ῥαγουήλου
295 3377 356 3434 τοῦ
369 3366 535 3443 Μωυσέος
549 3373 718 3452 πενθεροῦ
738 3367 853 3443 σώζειν
872 3367 982 3431 αἰτίαν
1002 3368 1097 3450 ἐχειν.

149 3497 234 3558 ςωτ
255 3517 288 3539 a·
309 3491 409 3559 1Reg.
428 3490 478 3544 xv
495 3494 518 3544 8.
