2400 3840
113 125 153 188 16
480 129 753 181 ΑΡΧΑεοΛονεεΣ

111 284 230 371 πέμπει
253 289 331 365 τοὺς
354 287 492 366 ἄξοντας
515 289 627 370 αὐτόν,
649 288 705 354 καὶ
727 291 998 375 παραγενόμενον
1021 289 1131 371 ἵστησι

112 392 214 478 μέσον
237 404 297 460 τοῦ
320 397 480 478 πλήθους.
528 394 628 479 ἐξεῖχε
647 393 678 460 δ’
700 396 811 461 αὐτῶν
830 393 998 478 ἁπάντων,
1020 393 1133 459 καὶτὸ

82 499 198 578 σύψος
229 496 272 584 ἦν
305 502 569 584 βασιλικώτατος.
617 503 703 584 <66>
732 499 820 583 λέγει
848 499 878 564 δ’
910 502 928 567 6
961 503 1135 585 προφήτης

115 607 247 673 (τοῦτον
269 608 351 692 ὑμῖν
375 609 392 674 ὁ
415 611 496 686 θεὸς
519 610 621 673 ἔδωκε
643 605 789 692 βασιλέα.
835 608 932 692 ὁρᾶτε
956 605 987 671 δ’
1012 606 1058 684 ὡς
1080 604 1134 671 καὶ

115 717 273 799 κρείττων
301 713 370 779 ἐστὶ
397 715 532 780 πάντων
561 712 616 779 καὶ
643 724 702 797 της
733 713 835 799 ἀρχῆς
865 712 977 792 ἀξιος.’
1029 714 1077 790 ὡς
1104 711 1161 777 δ’ὁ

118 820 327 904 ἐπευφήμησε
350 829 395 907 τῷ
418 823 550 902 βασιλεῖ
571 823 737 906 σωτηρίαν
760 820 778 885 6
797 822 886 902 λαός,
909 820 949 883 τά
972 817 1136 903 μέλλοντα

118 927 348 1011 συμβήσεσθαι
374 926 587 1012 καταγράψας
618 927 731 1003 αὐτοῖς
761 926 778 992 6
806 926 978 1011 προφήτης
1005 923 1134 1008 ἀνέγνω

117 1042 177 1098 τοῦ
200 1031 361 1115 βασιλέως
383 1032 610 1118 ἀκροωμένου,
638 1031 693 1098 καλ
720 1034 757 1097 τδ
780 1035 913 1117 βιβλίον
935 1036 1074 1114 τίθησιν
1102 1031 1137 1097 έν

116 1147 156 1222 τῇ
179 1147 240 1203 τοῦ
263 1145 348 1204 θεοῦ
372 1149 486 1226 σκηνή,
509 1152 582 1217 ταῖς
604 1139 775 1224 μετέπειτα
797 1151 926 1221 γενεαῖς
948 1141 995 1214 είς
1013 1141 1137 1222 μαρτύ-

118 1268 194 1330 ριον
208 1239 256 1310 ὧν
270 1250 454 1333 προείρηκε.
491 1247 578 1331 <67>
592 1243 683 1310 ταῦτ’
702 1243 889 1321 ἐπιτελέσας
904 1245 922 1310 6
938 1246 1138 1329 Σαμούηλος
1152 1264 1173 1302 1⁰

119 1351 257 1418 ἀπολύει
279 1354 341 1437 τήν
363 1353 509 1437 πληθύν,
531 1351 587 1417 καὶ
610 1352 709 1430 αὐτὸς
728 1349 759 1416 δ’
782 1354 828 1428 είς
844 1350 1015 1437 Ἀρμαθάν
1033 1374 1138 1436 παρα-

119 1462 246 1539 γίνεται
268 1463 380 1525 πόλιν·
404 1457 521 1544 πατρὶς
539 1462 601 1545 γάρ
621 1452 663 1542 ἦν
682 1459 779 1547 αὐτῷ.
822 1459 964 1545 Σαούλῳ
987 1456 1018 1521 δ’
1040 1459 1138 1544 ἀπερ-

119 1563 247 1652 χομένῳ
267 1567 314 1641 είς
333 1567 504 1650 Γαβαθήν,
524 1565 556 1644 ἐξ
575 1562 615 1649 ἧς
636 1566 772 1649 ὑπῆρχε,
797 1565 1000 1650 συνήρχοντο
1020 1563 1138 1630 πολλοὶ

121 1666 183 1754 μὲν
206 1669 340 1754 ἀγαθοί,
363 1672 424 1755 τήν
446 1673 680 1758 προσήκουσαν
703 1676 835 1756 βασιλεῖ
854 1671 953 1754 τιμήν
971 1670 1137 1755 νέμοντες,

120 1776 261 1863 πονηροὶ
286 1775 323 1843 δέ
341 1781 486 1862 πλείους,
509 1783 545 1843 οἳ
559 1782 790 1864 κατεφρόνουν
812 1775 841 1842 τ’
864 1778 967 1843 αὐτοῦ
987 1776 1043 1842 καὶ
1061 1782 1139 1854 τοὺς
1152 1792 1173 1832 1⁵

122 1886 244 1963 ἀλλους
267 1885 455 1971 ἐχλεύαζον,
480 1882 535 1951 καὶ
559 1887 634 1951 ούτε
658 1887 750 1971 δῶρα
773 1883 982 1970 προσέφερον
1006 1882 1077 1949 οὔτ’
1104 1884 1138 1949 ἐν

122 1994 250 2077 σπουδή
269 1991 324 2057 καί
344 1996 431 2081 λόγω
450 1994 487 2057 τὸ
507 1990 707 2075 ἀρέσκεσθαι
725 1993 785 2056 τὸν
802 1990 959 2055 Σάουλον
978 1989 1137 2056 ἐτίθεντο.

81 2107 102 2172 5
188 2099 274 2181 <68>
294 2097 373 2182 μηνὶ
393 2097 423 2162 δ’
444 2098 585 2184 ὕστερον
603 2100 696 2182 ἀρχει
714 2108 772 2182 τῆς
790 2099 879 2182 παρὰ
897 2096 1032 2161 πάντων
1052 2098 1138 2184 αὐτῷ

121 2211 217 2285 τιμῆς
236 2202 254 2267 6
269 2205 352 2287 πρὸς
367 2205 507 2284 Ναάσην
525 2207 677 2287 πόλεμος,
696 2206 756 2269 τὸν
769 2202 975 2288 Ἀμμανιτῶν
994 2203 1139 2288 βασιλέα.

123 2301 219 2383 οὗτος
242 2309 304 2393 γδιρ
328 2310 434 2373 πολλά
452 2311 535 2373 κακά
553 2313 631 2386 τοὺς
649 2308 755 2394 πέραν
773 2319 833 2375 τοῦ
850 2307 1020 2395 Ἰορδάνου
1042 2322 1174 2375 ποτα-20

124 2422 187 2496 μοῦ
210 2413 462 2502 κατῳκημένους
484 2427 552 2479 τῶν
568 2413 739 2480 Ἰουδαίων
758 2417 940 2499 διατίθησι,
963 2416 1043 2499 μετά
1063 2423 1142 2482 πολ-

124 2524 185 2583 λοῦ
221 2518 276 2584 καὶ
313 2525 457 2606 μαχίμου
494 2523 735 2608 στρατεύματος
772 2525 889 2607 διαβὰς
925 2520 974 2587 ἐπ’
1010 2522 1142 2605 αὐτούς,

122 2626 209 2712 <69>
223 2626 278 2692 καὶ
297 2629 355 2705 τάς
369 2632 481 2708 πόλεις
496 2630 607 2696 αὐτῶν
626 2632 673 2707 είς
688 2631 845 2695 δουλείαν
861 2629 1032 2712 ὑπάγεται,
1053 2631 1143 2714 ι’σχύι

124 2730 185 2817 μέν
203 2733 259 2799 καὶ
278 2739 335 2822 βίᾳ
353 2739 436 2823 πρὸς
453 2740 491 2803 τὸ
505 2740 613 2824 παρὸν
629 2737 750 2814 αὐτοὺς
768 2736 1019 2820 χειρωσάμενος,
1038 2740 1143 2822 σοφίᾳ

124 2836 161 2902 δέ
184 2839 240 2903 καὶ
264 2840 394 2927 ἐπινοίᾳ
416 2846 499 2927 πρὸς
521 2847 558 2908 τὸ
583 2841 659 2928 μηδ’
685 2836 786 2916 αὖθις
809 2841 1015 2919 ἀποστάντας
1041 2843 1143 2924 δυνη-
1158 2857 1179 2898 2⁵

124 2949 228 3027 θήναι
265 2945 326 3027 τήν
362 2945 419 3010 ὑπ’
458 2947 547 3034 αὐτῷ
585 2949 741 3011 δουλείαν
777 2947 956 3030 διαφυγεῖν
988 2947 1144 3024 ἀσθενεῖς

124 3062 243 3115 ποιῶν·
262 3053 411 3136 τῶνγὰρ
430 3050 450 3134 ή
469 3055 551 3117 κατά
569 3056 682 3117 πίστιν
701 3051 745 3129 ὡς
764 3052 867 3117 αὐτὸν
885 3053 1144 3138 ἀφικνουμένων

125 3156 145 3238 ή
160 3156 419 3243 λαμβανομένων
433 3155 579 3241 πολέμου
598 3161 688 3247 νόμω
708 3162 786 3235 τοὺς
800 3158 928 3238 δεξιοὺς
945 3160 1145 3244 ὀφθαλμοὺς

127 3261 283 3339 ἐξέκοπτε.
328 3265 416 3347 <70>
439 3262 542 3329 ἐποίει
569 3261 605 3328 δὲ
628 3262 725 3330 τοῦθ’
753 3265 854 3348 ὅπως,
883 3274 941 3350 της
969 3265 1145 3351 ἀριστερᾶς

127 3368 239 3446 αὐτοῖς
258 3374 365 3448 ὅψεως
383 3370 448 3435 ὑπὸ
467 3381 534 3435 τῶν
553 3378 688 3457 θυρεῶν
705 3371 964 3457 καλυπτομένης,
986 3373 1144 3459 ἀχρηστοι
1158 3389 1179 3429 ³<

199 3491 542 3560 §66=1Reg.X24.
