2400 3840
118 155 183 220 348
487 151 760 205 APmvomz

120 320 239 402 ἔλαβεν
262 316 490 401 αἰχμαλώτους
512 315 572 379 τὸν
589 309 742 399 ἀρχιερέα
760 307 898 397 Σαρέαν
915 307 971 376 καλ
991 311 1050 375 τὸν
1066 305 1122 394 μετ’

120 425 224 490 αὐτοῦ
249 421 337 507 ίερέα
355 423 543 505 Σοφονίαν,
565 417 621 485 καί
643 421 721 495 τοὺς
739 417 971 501 φυλάττοντας
990 419 1028 481 τὸ
1048 416 1124 500 ἱερὸν
1156 489 1157 492 ἡ

119 530 284 615 ἡγεμόνας
306 527 409 614 (τρεῖς
431 524 462 591 δ’
483 521 569 610 ἡσαν
592 520 711 611 οὗτοι),
732 521 866 590 καὶτὸν
888 522 941 589 ἐπὶ
960 534 1029 589 τῶν
1047 524 1126 589 ὁτλι-

119 647 187 701 τῶν
207 634 379 718 εὐνοῦχον,
401 629 456 698 καλ
475 635 553 710 τοὺς
570 634 692 717 φίλους
710 639 770 696 τοῦ
788 630 954 695 Σεδεκίου
974 628 1063 713 ἑκτά,
1080 625 1125 693 καὶ

120 743 180 807 τὸν
203 738 394 827 γραμματέα
417 738 536 821 αὐτοῦ,
557 736 613 803 καὶ
636 739 758 813 ἀλλους
780 736 946 821 ἡγεμόνας
969 735 1143 820 έξὴκοντα·ι

120 847 180 924 οὓς
198 849 345 924 ἅπαντας
362 843 439 930 μεθ’
457 840 505 911 ὧν
524 844 663 927 ἐσύλησε
681 855 809 910 σκευῶν
829 842 961 928 ἐκόμισε
980 846 1062 929 πρὸς
1077 842 1126 906 τὸν
1165 895 1166 906 ,

120 952 259 1038 βασιλέα
282 955 330 1029 είς
344 950 526 1035 Ῥεβλαθάν
547 953 648 1018 πόλιν
670 958 728 1035 τὴς
746 954 884 1037 Συρίας.
926 951 1038 1034 <150>
1059 950 1076 1015 ό
1096 943 1126 1012 δέ
1164 994 1165 1000 1

119 1062 275 1144 βασιλεὺς
297 1067 357 1122 τοῦ
380 1054 441 1142 μέν
459 1056 637 1144 ἀρχιερέως
653 1056 709 1123 καὶ
731 1068 799 1122 τῶν
815 1055 993 1141 ἡγεμόνων
1014 1055 1126 1122 ἐκέλευ-

120 1181 179 1230 σεν
201 1162 270 1228 έκεί
290 1165 349 1242 τάς
365 1165 513 1248 κεφαλάς
531 1164 718 1250 ἀποτεμεῖν,
741 1163 840 1239 αὐτὸς
858 1159 896 1227 δὲ
914 1163 1043 1240 πάντας
1062 1164 1127 1236 τοὺς

121 1272 348 1356 αἰχμαλώτους
370 1268 425 1336 καὶ
448 1271 508 1337 τὸν
530 1272 694 1336 Σεδεκίαν
720 1271 844 1353 ἡγαγεν
871 1271 919 1346 είς
941 1274 1126 1354 Βαβυλῶνα.
1138 1249 1171 1323 10¹

121 1377 260 1464 δέσμιον
283 1377 314 1444 δ’
336 1378 474 1462 ἐπήγετο
497 1376 552 1443 καί
567 1375 771 1443 Ἰωσάδακον
793 1378 853 1442 τὸν
871 1375 1037 1462 ἀρχιερέα,
1060 1378 1127 1442 ὄντα

120 1487 198 1551 υἱὸν
221 1484 336 1571 Σαρέα
358 1495 419 1551 τοῦ
442 1482 634 1571 ἀρχιερέως,
661 1483 701 1548 ὃν
724 1481 915 1548 ἀπέκτεινεν
938 1484 956 1549 ὁ
980 1483 1128 1569 Βαβυλώ-

121 1614 194 1667 νιος
216 1590 253 1655 έυ
273 1589 434 1678 Ῥεβλαθᾷ
459 1592 554 1656 πόλει
577 1599 635 1674 τὴς
658 1591 801 1675 Σαιρίας,
829 1588 875 1665 ὡς
897 1586 952 1652 καλ
975 1592 1130 1675 πρότερον

120 1696 201 1782 ἡμίν
224 1697 417 1779 δεδήλωται.

85 1824 101 1872 6
188 1804 228 1888 <l
233 1801 338 1888 51>ss
322 1798 391 1867 ἐπεὶ
416 1798 453 1867 δὲ
475 1803 513 1867 τὸ
536 1799 632 1885 γένος
655 1799 925 1886 διεξήλθομεν
895 1824 932 1865 το
954 1811 1023 1866 τῶν
1046 1805 1158 1887 βασι-ο
1140 1814 1158 1855 1⁵

120 1907 206 1975 λέων
233 1909 288 1975 καὶ
315 1912 405 1988 τίνες
430 1903 517 1992 ἡσαν
549 1908 779 1992 δεδηλώκαμεν
807 1905 863 1972 καὶ
891 1909 970 1984 τοὺς
996 1911 1130 1994 χρόνους

120 2015 242 2099 αὐτῶν,
265 2015 447 2099 ἀναγκαῖον
469 2013 643 2098 ἡγησάμην
665 2010 720 2078 καὶ
742 2024 810 2078 τῶν
828 2011 1009 2099 ἀρχιερέων
1034 2018 1132 2080 εἰπεῖν

120 2122 159 2184 τά
179 2121 336 2204 ὀνόματα,
358 2119 413 2185 καὶ
432 2123 521 2196 τίνες
538 2115 625 2203 ἡσαν
643 2120 678 2184 οί
694 2120 755 2203 τὴν
773 2119 1023 2205 ἀρχιερωσύνην
1042 2146 1133 2187 κατα-

120 2223 286 2300 δείξαντες
310 2223 363 2289 έττὶ
386 2236 456 2300 τοϊς
478 2229 660 2307 βασιλεῦσι.
706 2227 816 2308 <152>
839 2235 969 2311 πρῶτος
991 2223 1055 2310 μὲν
1078 2223 1135 2294 οὖν

119 2327 280 2405 Σάδωκος
298 2327 469 2413 ἀρχιερεὺς
488 2326 618 2409 ἐγένετο
637 2336 697 2392 τοῦ
715 2338 800 2393 ναοῦ
820 2331 860 2395 ὃν
876 2334 1044 2415 Σολομὼν
1059 2333 1135 2423 ᾠκο-
1146 2349 1167 2388 2⁰

119 2434 251 2517 δόμησε.
297 2432 366 2520 μετ’
392 2433 495 2499 αὐτὸν
519 2431 549 2498 δ’
576 2434 594 2499 ό
617 2435 692 2511 υίὸς
711 2431 844 2519 Ἀχιμᾶς
867 2435 1054 2522 διαδέχεται
1078 2442 1135 2523 τὴν

118 2541 232 2625 τιμὴν,
255 2539 310 2608 καὶ
334 2539 402 2628 μετ’
426 2539 563 2627 Ἀχιμᾶν
582 2539 743 2628 Ἀζαρίας·
769 2544 891 2607 τούτου
916 2541 946 2607 δ’
970 2541 1136 2630 Ἰώραμος,

118 2658 179 2713 τοῦ
199 2647 229 2713 δ’
243 2647 404 2738 Ἰωράμου
418 2649 516 2734 Ἰσος,
535 2648 603 2735 μετ’
625 2649 728 2714 αὐτὸν
747 2647 777 2712 δ’
796 2646 1006 2734 Ἀξιώραμος,
1027 2653 1137 2737 <153>

118 2765 178 2820 τοῦ
194 2754 224 2820 δ’
238 2754 442 2845 Ἀξιωράμου
458 2756 592 2839 Φιδέας,
606 2765 665 2821 τοῦ
680 2751 717 2820 δέ
732 2753 836 2819 Φιδέα
846 2754 1009 2840 Σουδέας,
1024 2768 1085 2824 τοῦ
1101 2756 1137 2824 δέ

119 2860 253 2926 Σουδέα
269 2861 423 2946 Ἰούηλος,
441 2874 502 2928 τοῦ
521 2862 552 2926 δ’
571 2861 719 2944 Ἰουὴλου
730 2860 901 2946 Ἰώθαμος,
916 2858 1084 2947 Ἰωθάμου
1104 2864 1133 2930 δ’
1149 2879 1171 2920 2⁵

119 3069 157 3137 δὲ
171 3078 379 3157 Σαλλοῦμος,
399 3074 601 3156 Σαλλούμου
615 3070 646 3136 δ’
660 3070 799 3156 Ἐλκίας,
815 3072 924 3139 Ἐλκία
941 3071 978 3138 δὲ
993 3076 1136 3162 Σαρέας,

117 3176 747 3262 τοῦδ’Ἰωσάδωκοςὁαίχμαλωτισθεὶς
761 3181 1013 3264 είςΒαβυλῶνα.
1042 3179 1136 3249 οὗτοι

116 3284 239 3360 πάντες
256 3295 334 3359 καίς
350 3286 438 3367 καρὰ
452 3286 576 3366 πατρὸς
590 3281 778 3360 διεδέξαντο
796 3285 858 3365 τὴν
875 3285 1137 3371 ἀρχιερωσύνην.

189 3427 265 3486 §149
282 3448 315 3466 =
330 3420 425 3487 4Reg.
435 3418 511 3473 XXV
524 3425 569 3486 183
588 3420 685 3475 Ierem.
699 3421 800 3476 L1124.
873 3429 949 3488 §151
966 3452 999 3469 =
1017 3427 1136 3481 1Paral.

115 3505 155 3560 VJ
166 3511 263 3562 8—15.
