2400 3840
121 120 165 185 64
485 122 760 173 ΑΡΧΑΙΟΛΟΓΙΑΣ

121 284 181 359 λάς
198 283 287 347 πάνυ
305 281 428 368 ἡμέρας
448 284 622 364 ἔκλαυσαν,
645 282 686 347 οὐ
704 285 820 347 κοινὸν
837 291 935 347 τοῦτο
954 282 1136 366 πάσχοντες

122 390 166 466 ὡς
190 387 239 455 ἐπ’
266 389 443 474 ἀλλοτρίου
466 393 610 472 τελευτῇ,
634 389 679 464 ὡς
698 391 821 452 οίκείον
841 385 871 451 δ’
893 387 1027 464 ἕκαστος
1048 389 1137 453 ίδιον

121 501 249 561 ποδῶν.
299 496 409 578 <294>
433 493 561 576 ἐγένετο
589 491 620 558 δ’
647 493 731 578 ἀνὴρ
761 496 887 570 δίκαιος
914 492 969 557 καὶ
996 499 1137 578 χρηστὸς

120 602 183 684 την
215 602 335 685 φύσιν,
362 597 425 664 καὶ
458 599 514 664 διά
545 608 645 665 τοῦτο
678 602 818 684 μάλιστα
850 604 948 683 φίλος
979 609 1024 687 τῷ
1057 607 1136 689 θεῷ.

121 703 198 793 ἦρξε
231 704 268 772 δὲ
298 705 353 771 καὶ
385 707 531 791 προύστη
559 715 619 772 τοῦ
654 713 738 772 λαοῦ
765 709 845 791 μετὰ
872 707 933 789 την
957 704 1048 771 Ἠλεὶ
1077 717 1163 772 τοῦτ

122 811 298 899 ἀρχιερέως
324 812 480 894 τελευτὴν
508 815 610 896 μόνος
640 810 702 897 μὲν
733 816 787 896 έτη
816 815 959 895 δώδεκα,
991 815 1072 897 μετὰ
1101 811 1137 878 δέ

120 921 181 984 τοῦ
204 921 363 984 Σαούλου
385 928 445 984 τοῦ
469 919 629 1003 βασιλέως
653 918 732 985 δέκα
754 923 837 1005 πρὸς
859 932 930 997 τοῖς
953 920 1046 985 ὀκτώ.

189 1026 296 1108 <295>
319 1022 375 1090 καὶ
397 1027 438 1090 τά
460 1022 522 1110 μέν
540 1024 619 1112 ’περὶ
638 1029 840 1111 Σαμούηλον
858 1036 955 1091 τοῦτο
974 1028 1011 1091 τὸ
1035 1025 1137 1110 πέρας

87 1146 102 1194 6
122 1134 227 1215 ἔσχεν,
249 1126 292 1214 ἦν
315 1130 355 1196 δέ
375 1156 425 1208 τις
447 1144 516 1199 τῶν
536 1137 696 1217 Ζιφηνῶν
715 1132 749 1198 ἐκ
767 1136 895 1210 πόλεως
910 1131 1011 1216 Ἐμμᾶ
1034 1134 1136 1196 πλού-

122 1252 193 1314 σιος
223 1235 278 1302 καὶ
310 1236 600 1323 πολυθρέμματος·
637 1243 828 1323 τρισχιλίων
860 1235 921 1324 μὲν
953 1241 1014 1323 γάρ
1048 1238 1136 1324 αὐτῷ
1152 1255 1176 1292 10

121 1347 244 1427 ποίμνη
258 1344 434 1429 προβάτων
449 1343 592 1428 ἐνέμετο,
606 1349 723 1428 χιλίων
738 1343 768 1409 δ’
781 1347 896 1427 αἰγῶν.
918 1354 1021 1410 ταῦτα
1030 1348 1137 1408 Δαυί-

42 1484 45 1489 ·
122 1451 182 1532 δης
205 1450 302 1532 ἀσινῆ
326 1461 440 1535 τηρεῖν
462 1473 497 1514 τε
522 1448 576 1514 καὶ
600 1449 728 1534 ἀβλαβῆ
752 1452 957 1536 παρήγγελλε
980 1461 1050 1526 τοῖς
1074 1452 1138 1514 σὺν

122 1556 221 1644 αὐτῷ,
243 1554 297 1620 καὶ
320 1555 401 1641 μήθ’
423 1558 487 1622 ὑπὸ
512 1555 692 1641 ἐπιθυμίας
714 1555 796 1642 μηδ’
817 1559 882 1623 ὑπὸ
902 1556 1029 1631 ἐνδείας
1052 1554 1134 1639 μηδ’

121 1665 186 1730 ὑπὸ
214 1673 272 1748 τῆς
300 1663 435 1749 ἐρημίας
461 1661 516 1729 καὶ
546 1673 606 1729 τοῦ
633 1665 802 1729 δύνασθαι
830 1663 1013 1729 λανθάνειν
1040 1686 1137 1725 κατα-

31 1755 33 1760 ’
123 1771 289 1855 βλάπτειν,
308 1771 436 1836 τούτων
450 1768 481 1836 δ’
498 1770 653 1836 ἁπάντων
668 1769 777 1836 ἐπάνω
791 1775 949 1835 τίθεσθαι
967 1772 1004 1834 τὸ
1019 1769 1135 1853 μηδέν’
1154 1785 1177 1823 1⁵

123 1875 261 1960 ἀδικεῖν,
289 1874 406 1942 καὶτὸ
429 1889 497 1942 τῶν
520 1876 704 1962 ἀλλοτρίων
727 1878 889 1942 ἅπτεσθαι
913 1876 1026 1941 δεινὸν
1049 1875 1138 1957 ἡμεῖ-

123 1989 204 2048 σθαι
226 1981 281 2047 καὶ
304 1986 487 2069 πρόσαντες
513 1992 559 2071 τῷ
581 1989 660 2070 θεῷ.
706 1983 815 2066 <296>
838 1991 941 2047 ταῦτα
970 1979 1000 2044 δ’
1028 1980 1139 2045 ε’δίδα-

122 2105 200 2152 σκεν
223 2088 345 2165 αύτούς
368 2092 520 2174 οἰόμενος
538 2088 706 2177 ἀνθρώπῳ
725 2093 927 2174 χαρίσασθαι
947 2089 1063 2175 ἀγαθῷ
1082 2086 1137 2152 καὶ

121 2193 242 2274 ταύτης
264 2193 441 2277 τυγχάνειν
465 2193 544 2282 ἀξίῳ
567 2203 625 2276 τῆς
647 2197 815 2279 προνοίας.
861 2190 905 2278 ἦν
924 2193 960 2259 δέ
980 2194 1138 2277 Νάβαλος

123 2299 233 2379 (τοῦτο
263 2299 325 2382 γάρ
359 2293 446 2382 εἶχεν
479 2298 598 2382 ὄνομα)
630 2302 772 2384 σκληρὸς
803 2299 857 2364 καὶ
890 2303 1035 2385 πονηρὸς
1068 2314 1138 2377 τοῖς
1153 2315 1178 2353 20

123 2401 393 2486 ἐπιτηδεύμασιν,
422 2402 457 2467 ἐκ
483 2413 620 2487 κυνικῆς
648 2403 814 2487 ἀσκήσεως
837 2405 1056 2489 πεποιημένος
1079 2409 1139 2472 τὸν

123 2512 208 2592 βίον,
232 2511 390 2591 γυναικὸς
413 2507 444 2574 δ’
470 2508 600 2593 ἀγαθῆς
626 2509 681 2576 καὶ
709 2513 884 2598 σώφρονος
910 2511 1025 2578 καὶτὸ
1050 2509 1139 2589 εἶδος

123 2617 306 2695 σπουδαίας
333 2618 506 2703 λελογχώς.
551 2617 661 2702 <297>
687 2621 770 2704 πρὸς
800 2614 862 2684 οὖν
889 2621 948 2684 τὸν
977 2619 1138 2702 Νάβαλον

123 2732 253 2807 τοῦτον,
275 2723 356 2790 καθ’
383 2725 422 2791 ὃν
446 2728 549 2811 ἔκειρε
572 2727 612 2790 τδι
635 2728 783 2811 πρόβατα
806 2727 937 2810 καιρόν,
966 2724 1096 2809 πέμψας
1121 2727 1137 2791 ὁ

123 2830 275 2911 Δαυίδης
293 2831 418 2915 ἀνδρας
436 2830 516 2896 δέκα
534 2843 601 2897 τῶν
620 2835 683 2895 σὺν
701 2831 800 2918 αύτῷ,
820 2832 876 2895 διά
893 2833 1021 2895 τούτων
1035 2831 1139 2896 αὐτὸν
1154 2844 1179 2883 25

124 2934 297 3013 ἀσπάζεται
320 2933 375 2998 καί
398 2938 591 3019 συνεύχεται
614 2946 711 3001 τοῦτο
734 2948 844 3001 ποιεῖν
868 2935 917 3000 ἐπ’
940 2940 994 3018 ἔτη
1017 2939 1137 3003 πολλά·

123 3052 304 3127 παρασχεῖν
336 3037 367 3104 δ’
398 3039 431 3117 ἐξ
464 3036 511 3106 ὧν
543 3043 685 3118 δυνατός
717 3040 807 3107 ἐστιν
835 3041 923 3129 αὐτῷ
950 3044 1138 3128 παρεκάλει,

124 3149 276 3230 μαθόντα
298 3146 386 3230 παρὰ
408 3157 476 3209 τῶν
498 3145 666 3231 ποιμένων
685 3148 735 3213 ὅτι
758 3145 863 3232 μηδὲν
882 3149 1002 3226 αὐτοὺς
1025 3149 1138 3233 ἠδική-

10 3335 12 3338 ι
123 3276 237 3337 καμεν,
256 3241 339 3317 ἀλλά
358 3253 502 3336 φύλακες
519 3251 631 3318 αὐτῶν
648 3276 684 3318 τε
701 3251 756 3317 καὶ
774 3265 842 3318 τῶν
860 3259 1025 3338 ποιμνίων
1044 3258 1138 3338 γεγύ-

123 3382 242 3442 ναμεν,
269 3362 377 3425 πολύν
404 3357 441 3424 έν
463 3367 502 3444 τῇ
526 3358 635 3448 ἐρήμη)
666 3361 891 3445 διατρίβοντες
913 3359 977 3442 ἤδη
1000 3364 1137 3444 χρόνον·
1153 3376 1180 3414 ³0

193 3483 278 3542 §293
298 3505 331 3525 a
353 3479 450 3549 lReg.
471 3477 548 3533 XXV
565 3487 587 3534 1.
