2400 3840
382 838 551 906 ΒΙΒΛΟΣ
573 840 765 906 ΔΕΚΑΤΗ.

133 1000 198 1084 <1>
217 997 360 1079 Ἐζεκίου
384 996 421 1064 δὲ
444 1009 504 1065 τοῦ
532 1010 600 1066 τῶν
623 1001 684 1066 δύο
707 1008 827 1084 φυλῶν
850 1000 1010 1087 βασιλέως
1032 1000 1082 1067 τέ·
1104 1009 1120 1071 1

61 1130 187 1191 ταρτον
209 1106 273 1190 ήδη
295 1104 351 1171 καὶ
375 1104 513 1171 δέκατον
537 1108 609 1183 ἐτος
631 1116 689 1191 τής
711 1107 889 1193 ἡγεμονίας
913 1112 1045 1194 ἔχοντος
1064 1109 1081 1175 ὁ

62 1224 133 1278 τῶν
146 1210 330 1300 Ἀσσυρίων
348 1214 513 1297 βασιλεύς,
530 1216 760 1300 Σεναχήριβος
778 1216 893 1299 ὄνομα,
913 1217 1082 1302 στρατεύει

62 1320 146 1403 μετά
172 1324 297 1403 πολλῆς
323 1328 533 1406 παρασκευῆς
562 1317 613 1385 ἐπ’
644 1320 760 1403 αὐτόν,
792 1321 874 1384 κατά
901 1322 1021 1407 κράτος
1047 1344 1083 1386 τε

30 1447 45 1485 5
63 1425 172 1502 πάσας
195 1425 284 1510 αίρεί
304 1427 363 1502 τάς
380 1428 493 1503 πόλεις
513 1427 571 1503 τάς
588 1434 647 1510 τῆς
661 1423 771 1490 Ἰούδα
793 1431 903 1510 φυλής
920 1424 976 1491 καὶ
995 1424 1081 1514 (τῆς)

63 1533 307 1616 Βενιαμίτιδος.
343 1533 408 1615 <2>
424 1531 603 1616 μέλλοντος
621 1531 652 1597 δ’
673 1534 767 1614 άγειν
785 1532 847 1615 τήν
866 1534 1010 1618 δύναμιν
1027 1530 1083 1598 καὶ

65 1636 120 1722 ἐφ’
147 1637 372 1723 Ἱεροσόλυμα,
404 1638 530 1722 φθάνει
557 1638 845 1723 πρεσβευσάμενος
871 1640 954 1724 πρὸς
980 1639 1084 1703 αὐτὸν

63 1743 120 1809 καὶ
142 1745 395 1810 ὑπακούσεσθαί
419 1767 454 1809 τε
481 1741 536 1808 καὶ
564 1745 673 1828 φόρον
700 1743 740 1809 ὃν
768 1743 811 1811 ἀν
833 1743 913 1828 τάξῃ
938 1741 1084 1809 τελέσειν

63 1853 338 1935 ὑπισχνούμενος.
384 1851 612 1935 Σεναχήριβος
635 1846 673 1914 δέ
695 1849 816 1935 μαθὼν
842 1851 882 1914 τά
904 1849 994 1933 παρά
1016 1858 1084 1912 τῶν

20 1977 49 2016 ιο
64 1954 237 2042 πρέσβεων
260 1959 346 2039 ἔγνω
369 1956 413 2041 μή
436 1961 608 2040 πολεμεῖν,
634 1955 718 2022 ἀλλά
740 1955 802 2038 τήν
825 1955 961 2032 ἀξίωσιν
983 1971 1084 2038 προσ-

66 2061 210 2147 δέχεται,
232 2061 288 2129 καὶ
311 2063 475 2150 ἀργυρίου
498 2060 560 2147 μὲν
582 2063 727 2130 τάλαντα
749 2065 921 2149 τριακόσια
943 2064 1084 2148 χρυσίου

65 2165 104 2233 δὲ
127 2169 305 2255 τριάκοντα
328 2170 440 2254 λαβὼν
462 2172 562 2253 φίλος
584 2169 812 2256 ἀναχωρήσειν
835 2169 1008 2255 ὡμολόγει,
1031 2173 1084 2234 πί-

66 2292 155 2351 στεις
178 2276 259 2352 δοὺς
281 2287 351 2352 τοῖς
372 2279 591 2361 πρεσβευταῖς
610 2276 777 2364 ἐνόρκους,
799 2273 821 2360 ή
840 2277 907 2362 μήν
926 2276 1085 2360 ἀδικήσας

65 2378 171 2465 μηδὲν
201 2380 303 2447 αὐτὸν
330 2381 436 2459 οὕτως
464 2381 694 2468 ἀναστρέφειν.
740 2385 814 2468 <3>
844 2384 861 2450 ὁ
890 2381 920 2448 δ’
944 2381 1085 2463 Ἐζεκίας

22 2506 50 2545 15
65 2485 217 2565 πεισθείς
238 2485 294 2552 καί
316 2489 463 2565 κενώσας
484 2490 562 2564 τοὺς
583 2491 779 2573 θησαυροὺς
803 2486 922 2571 πέμπει
944 2490 985 2552 τά
1007 2489 1107 2573 χρή-ψ

65 2617 163 2678 ματα,
178 2597 322 2678 νομίζων
333 2593 627 2676 ἀπαλλαγήσεσθαι
638 2601 698 2657 τοῦ
710 2590 857 2675 πολέμου
870 2589 925 2656 καί
937 2601 997 2657 τοῦ
1008 2590 1084 2676 περὶ

65 2709 125 2783 τῆς
144 2703 312 2784 βασιλείας
330 2700 469 2784 ἀγῶνος.
504 2698 570 2782 <4>
587 2698 606 2764 ό
621 2695 652 2762 δ’
666 2696 838 2782 Ἀσσύριος
856 2699 968 2781 λαβὼν
982 2707 1085 2763 ταῦτα

65 2817 134 2872 τῶν
157 2803 219 2890 μὲν
241 2805 505 2892 ὡμολογημένων
528 2800 629 2871 οὐδὲν
653 2802 865 2890 ἐφρόντισεν,
888 2801 960 2868 ἀλλ’
987 2802 1086 2879 αὐτὸς

66 2909 129 2996 μὲν
152 2913 370 2998 ἐστράτευσεν
393 2909 443 2977 ἐπ’
464 2914 672 2995 Αἰγυπτίους
693 2907 749 2975 καὶ
767 2912 947 2992 Αἰθίοπας,
970 2910 1029 2975 τὸν
1048 2906 1085 2973 δὲ
1136 2972 1139 2980 ,

22 3037 51 3076 2⁰
67 3021 252 3104 στρατηγὸν
266 3017 430 3103 Ῥαψάκην
452 3020 533 3104 μετὰ
554 3023 679 3102 πολλής
698 3019 812 3103 ἰσχύος
830 3018 894 3083 σὺν
911 3014 967 3081 καὶ
986 3013 1085 3080 δυσὶν

65 3128 180 3202 ἀλλοις
202 3136 271 3190 τῶν
294 3125 331 3190 ἐν
352 3123 438 3190 τέλει
461 3122 614 3190 κατέλιπε
635 3126 871 3210 πορθήσοντας
893 3125 932 3189 τδι
947 3121 1085 3209 Ἱεροσό-

66 3237 163 3315 λυμα.
199 3233 329 3297 τούτων
347 3227 384 3296 δὲ
402 3232 442 3295 τά
461 3230 606 3315 ὀνόματα
623 3230 757 3316 Θαρατὰ
774 3226 830 3294 καὶ
843 3227 1016 3315 Ἀνάχαρις
1033 3223 1085 3312 ήν.

133 3337 197 3420 <ὃ>
223 3337 267 3414 ὡς
290 3333 321 3402 δ’
343 3336 500 3414 ἐλθόντες
521 3337 586 3422 πρὸ
609 3345 678 3402 τῶν
695 3346 814 3421 τειχῶν
833 3334 1119 3423 ἐστρατοπεδεύε

139 3465 241 3524 §1=
261 3458 524 3527 4Reg.XV11113.
599 3463 647 3524 §4
666 3484 700 3503 =
719 3457 773 3513 Ios,
790 3457 954 3512 mm.
