2400 3840
101 127 145 191 92
470 126 744 178 ΔΡΧΑΙΟΛΟΓΙΑΣ

98 286 295 378 Ἀβεννήρῳ,
313 286 404 354 τοῦτ’
421 288 607 374 εἰργάσθαι.
644 284 821 373 προσέταξε
840 283 952 369 μέντοι
967 307 1005 366 γε
1018 282 1120 348 παντὶ

102 403 146 483 τῷ
170 400 238 482 λαῷ
260 398 389 460 κλαίειν
411 393 466 460 καὶ
488 400 629 460 πενθεῖν
655 395 715 457 τὸν
740 394 861 478 ἀνδρα,
888 388 943 456 καὶ
970 401 1041 466 τοῖς
1064 414 1121 454 νο-

103 489 289 586 μιζομένοις
316 511 415 586 τιμῶν
438 501 601 565 αὐτοῦτὸ
625 511 733 583 σῶμα,
760 496 1030 585 περιρρηξαμένῳ
1059 493 1121 580 μὲν

102 609 161 684 τάς
194 606 350 691 ἐσθῆτας,
383 606 516 671 ἐνδύντι
549 603 587 670 δὲ
619 606 774 681 σάκκους·
806 613 909 668 ταῦτα
942 600 979 666 δὲ
1010 614 1122 667 ποιεῖν

102 714 311 800 προάγοντας
333 713 394 796 τήν
416 716 542 794 κλίνην.
588 713 676 795 <41>
694 712 794 787 αὐτὸς
813 707 844 774 δ’
866 709 1017 793 ἐφείπετο
1039 710 1147 792 μετάε

103 831 171 884 τῶν
189 821 420 904 γεγηρακότων
437 817 578 884 καὶτῶν
598 817 634 883 ἐν
652 817 844 901 ἡγεμονίαις
863 818 980 896 ὄντων,
1002 818 1121 880 κοπτό-

103 929 203 1009 μενός
225 947 260 990 τε
280 922 336 988 καὶ
354 936 424 1002 τοῖς
442 927 600 1011 δακρύοις
620 924 872 1008 ἐνδεικνύμενος
890 925 927 987 τό
946 919 975 986 τ’
998 922 1122 985 εὔνουν

103 1032 140 1095 τὸ
164 1032 247 1116 πρὸς
269 1032 329 1096 τὸν
353 1035 457 1110 ζῶντα
478 1030 534 1097 καὶ
557 1031 618 1115 τήν
642 1029 695 1096 ἐπὶ
718 1032 894 1113 τεθνηκότι
917 1029 1041 1110 λύπην,
1067 1026 1122 1091 καλ

104 1136 154 1201 ὅτι
173 1136 217 1219 μή
236 1138 318 1201 κατά
336 1137 397 1220 τὴν
415 1138 519 1203 αὐτοῦ
537 1139 673 1221 γνώμην
694 1135 865 1222 ἀνῄρηται.
903 1135 989 1217 <42>
1008 1133 1123 1211 θάψας

104 1239 135 1305 δ’
169 1241 271 1307 αὐτὸν
304 1242 341 1308 ἐν
371 1247 523 1329 Χεβρῶνι
556 1250 826 1329 μεγαλοπρεπῶς,
860 1241 1055 1323 ἐπιταφίους
1087 1263 1123 1303 τε
1136 1260 1162 1299 ιο

105 1338 382 1434 συγγραψάμενος
412 1351 577 1435 θρήνους,
610 1350 709 1426 αὐτὸς
737 1347 789 1414 ἐπὶ
817 1358 877 1413 τοῦ
906 1347 1015 1430 τάφου
1044 1347 1123 1421 στάς

103 1466 234 1539 πρῶτος
257 1455 479 1520 ἀνεκλαύσατο
502 1453 558 1519 καὶ
580 1455 750 1540 παρέδωκε
773 1467 843 1531 τοῖς
866 1457 988 1529 ἀλλοις.
1035 1452 1122 1516 οὕτω

105 1557 136 1623 δ’
162 1560 265 1625 αὐτὸν
289 1558 524 1645 ὁἏβεννήρου
547 1559 682 1646 συνέχεε
704 1562 852 1636 θάνατος
876 1561 921 1636 ὡς
943 1556 1026 1644 μηδέ
1047 1582 1123 1643 τρο-

105 1666 174 1750 φήν
203 1665 457 1748 ἀναγκαζόντων
488 1667 592 1732 αὐτὸν
618 1678 686 1732 τῶν
714 1666 853 1752 ἑταίρων
883 1670 1014 1750 λαβεῖν,
1047 1662 1121 1730 ἀλλ’

105 1773 213 1856 ῶμοσε
240 1773 421 1856 γεύσεσθαι
448 1774 590 1857 μηδενὸς
617 1774 693 1858 ἀχρι
719 1772 816 1856 ἡλίου
845 1774 989 1856 δυσμῶν.
1036 1771 1124 1854 <43>
1139 1791 1165 1830 15

104 1876 197 1946 ταῦτ’
223 1879 359 1944 εὔνοιαν
386 1878 475 1966 αύτῷ
499 1879 588 1964 παρά
611 1887 671 1944 τοῦ
693 1880 846 1961 πλήθους
874 1876 1063 1960 ἐγέννησεν·
1092 1878 1128 1940 οἵ

105 2008 140 2049 τε
162 1987 225 2071 γάρ
253 1987 337 2071 πρὸς
359 1987 418 2050 τὸν
438 1983 638 2071 Ἀβέννηρον
666 1987 893 2069 φιλοστόργως
921 1984 1124 2067 διακείμενοι

106 2089 226 2176 σφόδρ’
252 2092 356 2156 αὐτοῦ
384 2092 445 2175 τήν
467 2093 551 2177 πρὸς
579 2091 681 2155 αὐτὸν
708 2091 807 2174 τιμήν
830 2090 1045 2155 ἀποθανόντα
1068 2087 1124 2153 καὶ

106 2196 259 2278 φυλακην
290 2205 349 2278 τής
380 2199 520 2272 πίστεως
551 2196 740 2278 ήγάπησαν,
774 2197 824 2261 ότι
856 2195 990 2260 πάντων
1021 2196 1126 2261 αὐτὸν

105 2299 253 2377 ἀξιώσειε
276 2312 343 2365 τῶν
361 2299 587 2385 νομιζομένων
606 2303 651 2378 ὡς
670 2310 813 2386 συγγενή
837 2300 892 2366 καὶ
912 2306 1024 2385 φίλον,
1048 2300 1121 2367 ἀλλ’
1139 2321 1165 2359 20

105 2405 165 2489 οὐχ
189 2405 234 2481 ὡς
257 2405 381 2491 ἐχθρὸν
404 2409 586 2489 γενόμενον
608 2406 777 2492 ὑβρίσειεν
801 2406 933 2496 ἀκόσμφ
957 2416 1044 2492 ταφή
1068 2407 1123 2472 καὶ

104 2510 306 2598 ήμελημίνη,
329 2515 367 2578 τό
390 2509 418 2577 τ’
444 2514 525 2578 ἀλλο
548 2520 616 2577 πᾶν
640 2513 684 2589 ῶς
707 2510 760 2577 ἐπὶ
782 2523 911 2601 χρηστῷ
935 2512 989 2578 καὶ
1012 2513 1123 2602 ήμέρφ

105 2618 290 2703 τὴνφύσιν
309 2621 428 2707 ἔχαιρε,
447 2619 509 2703 τήν
527 2618 633 2702 αὐτὴν
652 2617 791 2685 έκάστου
810 2617 1025 2703 λογιζομένου
1043 2623 1124 2705 πρό-

106 2748 204 2790 νοιαν
227 2729 274 2803 είς
297 2727 399 2792 αὑτὸν
422 2736 482 2792 τοῦ
505 2725 667 2811 βασιλέως
692 2726 808 2803 ὁποίας
835 2725 1042 2809 τυγχάνοντα
1064 2728 1125 2791 τὸν

103 2827 304 2918 Ἀβεννήρου
327 2836 447 2919 νεκρὸν
470 2832 565 2919 ἑώρα.
611 2833 699 2916 <44>
721 2832 805 2918 πρὸς
828 2831 958 2907 τούτοις
981 2825 1043 2895 οὖν
1064 2832 1124 2914 μά-
1140 2850 1167 2889 25

107 2941 201 3001 λιστα
227 2939 383 3020 Δαυίδην
409 2943 586 3023 γλίχεσθμι
616 2935 713 3020 δόξης
744 2936 889 3020 ἀγαθής,
921 2938 1125 3021 ποιούμενον

106 3044 269 3127 πρόνοιαν
291 3041 334 3125 ήυ
356 3045 443 3119 εἰκὸς
471 3040 532 3127 μὲν
555 3039 612 3127 ήν,
641 3043 686 3120 ὡς
713 3040 824 3119 οὐδεὶς
851 3042 1037 3125 ὑπενόησεν
1064 3042 1122 3108 ὑπ’

106 3146 210 3213 αὐτοῦ
233 3154 445 3232 φονευθῆναι
467 3150 526 3213 τὸν
547 3146 761 3234 Ἁβέννηρον,
791 3147 877 3226 ἔλεξε
903 3145 941 3213 δέ
963 3146 1018 3213 καὶ
1041 3151 1126 3233 πρὸς

106 3255 143 3318 τὸ
166 3260 297 3338 πλήθος
320 3253 365 3331 ὡς
388 3253 476 3341 αὐτῷ
502 3251 563 3337 μὲν
586 3254 646 3340 οὐχ
669 3254 689 3337 η
712 3263 859 3338 τυχοῦσα
881 3253 1012 3337 γένοιτο
1036 3255 1123 3336 λύπη

105 3357 229 3444 ἀνδρὸς
265 3359 396 3442 ἀγαθοῦ
433 3363 713 3443 τετελευτηκότος,
754 3360 795 3425 οὐ
834 3361 934 3445 μικρά
976 3357 1013 3425 δὲ
1053 3372 1124 3437 τοῖς
1138 3379 1165 3417 ³0

177 3483 192 3542 ξ
213 3486 244 3532 41
267 3481 537 3550 =2Reg.11132.
