2400 3840
547 122 699 198 EBAQMH
1065 121 1125 184 121

109 281 186 367 περὶ
210 283 271 364 τὴν
294 283 444 366 ἀδελφὴν
467 283 571 348 αὐτοῦ
594 285 774 366 πταίσμασι
802 284 994 366 διεληλύθει
1018 286 1128 349 δεύτε-

111 412 186 474 ρον,
218 387 273 454 καὶ
302 388 431 473 μέλλων
460 387 512 454 ἐπὶ
541 390 602 471 την
629 401 697 453 τῶν
725 389 821 453 ίδίων
852 391 979 472 κουράν
1007 387 1127 467 ἐξιέναι

110 495 312 580 θρεμμάτων
345 498 392 572 είς
419 500 599 580 Βελσεφῶν
632 493 741 581 (πόλις
773 493 804 559 δ’
836 493 926 559 ἐστίν
958 495 1040 577 αύτη
1070 505 1128 579 τῆς

106 599 356 687 Ἐφραιμίτιδος
377 601 591 688 κληρουχίας)
619 607 803 686 παρακαλεῖ
827 603 887 666 τὸν
914 599 1039 684 πατέρα
1065 604 1128 665 σὺν

79 706 164 772 5καὶ
197 720 267 784 τοῖς
299 707 457 793 ἀδελφοῖς
490 706 603 773 ἐλθεῖν
635 710 718 794 πρὸς
750 709 853 773 αὑτὸν
885 705 938 792 ἐφ’
972 705 1127 771 έστίασιν.

107 814 220 896 <175>
243 814 534 899 παραιτησαμένου
553 812 597 897 δ’,
621 814 666 890 ὡς
689 815 732 897 μὴ
756 817 860 899 βαρὺς
878 814 967 900 αὐτῷ
988 812 1128 895 γένοιτο,

106 923 189 996 τοὺς
212 919 379 1005 ἀδελφοὺς
403 920 593 986 ἀποστεῖλαι
621 920 830 1004 παρεκάλεσε.
876 918 1065 1003 πέμψαντος
1091 914 1128 982 δέ

107 1037 181 1102 τοῖς
209 1027 308 1102 ίδιόις
337 1026 522 1110 ἐκέλευσεν,
550 1024 680 1108 ὁπηνίκ’
706 1026 748 1091 ἀν
776 1028 871 1091 ίδωσι
899 1028 958 1091 τὸν
978 1023 1128 1109 Ἀμνῶνα

108 1131 199 1216 μέθη
221 1132 423 1218 παρειμένον
445 1132 500 1197 καὶ
520 1133 621 1221 κάρῳ,
644 1134 825 1219 νεύσαντος
844 1132 948 1197 αὐτοῦ
967 1141 1128 1215 φονεῦσαι

65 1257 94 1295 10
109 1237 237 1321 μηδένα
261 1237 482 1321 φοβηθέντας.
529 1240 638 1322 <176>
662 1240 707 1317 ὡς
730 1237 759 1303 δ’
787 1238 945 1321 ε’ποίησαν
968 1241 1005 1304 τὸ
1028 1255 1165 1323 προσ-ε

107 1342 246 1427 ταχθέν,
271 1343 421 1427 ἔκπληξις
444 1343 499 1409 καὶ
520 1347 644 1432 ταραχὴ
667 1349 745 1422 τοὺς
768 1345 935 1430 ἀδελφοὺς
958 1344 1129 1428 λαμβάνει,

64 1475 66 1478 ·
108 1448 166 1513 καὶ
193 1451 361 1527 δείσαντες
388 1449 463 1537 περὶ
492 1450 620 1517 ἑαυτῶν
648 1451 893 1536 ἐμπηδήσαντες
919 1463 989 1526 τοῖς
1016 1451 1130 1524 ἵπποις

110 1554 271 1641 ἐφέροντο
304 1559 387 1643 πρὸς
418 1559 478 1622 τὸν
509 1556 643 1644 πατέρα.
691 1558 826 1641 φθάσας
858 1555 898 1620 δέ
926 1581 976 1632 τις
1008 1555 1130 1631 αὐτοὺς

110 1663 259 1738 ἅπαντας
276 1660 334 1727 ὑπ’
350 1660 580 1749 Ἀβεσαλῶμου
598 1669 829 1748 πεφονεῦσθαι
847 1672 893 1749 τῷ
911 1660 1010 1747 πατρὶ
1029 1678 1129 1746 προσ-

67 1770 273 1850 ιοηγγειλεν.
320 1770 429 1853 <177>
453 1769 471 1834 ὃ
496 1768 526 1833 δ’
555 1770 600 1846 ὡς
628 1767 681 1834 ἐπὶ
704 1767 820 1834 παισὶν
847 1768 1131 1852 ὁμοῦτοσούτοις

109 1873 315 1958 ἀπολωλόσι,
342 1874 397 1940 καὶ
425 1874 522 1940 τοῦθ’
553 1873 608 1941 ὑπ’
639 1874 803 1957 ἀδελφοῦ,
833 1882 891 1957 τῆς
919 1874 1024 1954 λύπης
1050 1870 1130 1937 κάπὶ

109 1989 156 2068 τῷ
175 1992 301 2045 κτείναι
320 1982 475 2046 δοκοῦντι
490 1978 670 2064 γενομένης
683 1983 890 2065 πικρότερον,
907 1975 1131 2062 συναρπαγεὶς

109 2087 176 2150 ὑπὸ
199 2096 259 2151 τοῦ
282 2088 415 2164 πάθους
437 2089 515 2153 ούτε
536 2088 598 2171 τὴν
620 2090 731 2152 αἰτίαν
750 2071 1027 2171 ἀνέκρινεν,ἀούτ’
1048 2086 1129 2150 ἀλλο

109 2217 142 2257 τι
166 2198 305 2277 μαθεῖν,
333 2185 407 2259 οἷον
431 2196 518 2271 εἰκὸς
539 2195 737 2277 τηλικούτου
760 2190 1051 2280 προσηγγελμένου
1073 2216 1131 2256 κα-

69 2316 95 2355 20
109 2308 173 2364 κοῦ
196 2297 251 2364 καὶ
275 2298 319 2363 δι’
346 2301 535 2386 ὑπερβολὴν
558 2299 715 2366 ἀπιστίαν
738 2302 886 2383 ἔχοντος,
913 2297 1132 2384 περιέμεινεν,

110 2406 196 2471 ἀλλά
218 2405 505 2492 καταρρηξάμενος
531 2408 593 2490 τὴν
616 2405 741 2490 ἐσθῆτα
763 2403 818 2471 καὶ
838 2406 937 2491 ῥίψας
956 2406 1058 2470 αὑτὸν
1077 2403 1131 2469 ἐπὶ

109 2513 173 2594 την
196 2520 260 2594 γῆν
283 2514 398 2595 έκειτο,
421 2519 559 2578 πενθῶν
581 2516 660 2589 τοὺς
679 2515 776 2588 υἱοὺς
795 2513 952 2593 ἅπαντας,
975 2510 1030 2575 καὶ
1053 2514 1133 2586 τοὺς

111 2617 299 2682 ἀποθανεῖν
323 2618 574 2701 δεδηλωμένους
596 2616 651 2683 καὶ
674 2620 734 2683 τὸν
753 2617 948 2702 ἀνηρηκότα.
984 2615 1130 2698 <178>ὁ

112 2719 149 2786 δέ
169 2727 269 2805 Σαμᾶ
287 2723 456 2807 τάδελφοῦ
479 2725 583 2789 αὐτοῦ
601 2734 679 2798 παίς
695 2719 856 2802 Ἰωνάθης
874 2719 1006 2785 ἀνεῖναί
1021 2743 1053 2783 τι
1072 2728 1131 2801 τῆς

69 2846 97 2887 2⁵
111 2830 219 2911 λύπης
238 2829 426 2914 παρεκάλει,
444 2827 499 2893 καλ
517 2828 592 2915 περὶ
611 2825 672 2914 μὲν
690 2837 758 2892 τῶν
771 2828 882 2892 ἀλλων
900 2826 944 2908 μη
963 2827 1132 2890 πιστεύειν

111 2935 157 3011 ὡς
175 2941 337 2999 τεθνᾶσιν
355 2932 449 3022 (οὐδὲ
468 2937 531 3022 γάρ
546 2938 657 3001 αἰτίαν
676 2935 841 3020 εὑρίσκειν
856 2930 1133 3020 ὑπολαμβάνειν),

110 3039 187 3126 περὶ
218 3039 248 3104 δ’
276 3038 443 3124 Ἀμνῶνος
471 3041 630 3120 ἐξετάζειν
658 3044 720 3126 ἔφη
749 3041 834 3105 δεῖν·
868 3041 955 3114 είκὸς
984 3039 1046 3122 γάρ
1076 3038 1132 3101 διά

111 3149 175 3230 τὴν
196 3146 354 3230 Θαμάρας
376 3147 476 3232 ύβριν
495 3147 720 3231 ἀποτολμῆσαι
743 3149 802 3212 τὸν
818 3143 1049 3228 Ἀβεσάλωμον
1070 3143 1133 3224 την

112 3253 287 3338 ἀναίρεσιν
310 3253 371 3336 την
395 3252 532 3318 ἐκείνου.
579 3253 688 3337 <179>
717 3250 836 3336 μεταξὺ
865 3246 902 3314 δδ
928 3250 1052 3325 κτύπος
1080 3250 1132 3314 ἵπ-

67 3375 97 3416 30
112 3381 187 3424 πων
200 3356 256 3423 καὶ
270 3361 419 3444 θόρυβος
436 3363 646 3444 προσιόντων
663 3369 765 3423 τινῶν
784 3357 906 3431 αὐτοὺς
925 3353 1133 3442 ἐπέστρεψεν.

186 3484 274 3544 §174
293 3506 327 3525 =
347 3485 362 3532 2
382 3481 451 3549 Reg.
470 3480 536 3533 XIII
550 3485 592 3534 23.
