<?xml version="1.0" encoding="UTF-8"?>
<!DOCTYPE html PUBLIC "-//W3C//DTD XHTML 1.0 Transitional//EN"
    "http://www.w3.org/TR/xhtml1/DTD/xhtml1-transitional.dtd">
<html xmlns="http://www.w3.org/1999/xhtml" xml:lang="en" lang="en">
 <head>
  <title>
</title>
<meta http-equiv="Content-Type" content="text/html;charset=utf-8" />
  <meta name='ocr-system' content='tesseract 3.04.00' />
  <meta name='ocr-capabilities' content='ocr_page ocr_carea ocr_par ocr_line ocrx_word'/>
</head>
<body>
  <div class='ocr_page' id='page_1' title='image "./operaomniaposti03nabegoog_0069.png"; bbox 0 0 2400 3840; ppageno 0'>
   <div class='ocr_carea' id='block_1_1' title="bbox 115 137 762 202">
    <p class='ocr_par' dir='ltr' id='par_1_1' title="bbox 115 137 762 202">
     <span class='ocr_line' id='line_1_1' title="bbox 115 137 762 202; baseline -0.003 -14"><span class='ocrx_word' id='word_1_1' title='bbox 115 138 159 202; x_wconf 82' lang='lat'><strong><em>20</em></strong></span> <span class='ocrx_word' id='word_1_2' title='bbox 489 137 762 190; x_wconf 67' lang='lat' dir='ltr'>Apmvomx</span> 
     </span>
    </p>
   </div>
   <div class='ocr_carea' id='block_1_2' title="bbox 35 294 1176 3567">
    <p class='ocr_par' dir='ltr' id='par_1_2' title="bbox 115 294 1160 811">
     <span class='ocr_line' id='line_1_2' title="bbox 115 294 1135 382; baseline -0.004 -17"><span class='ocrx_word' id='word_1_3' title='bbox 115 301 226 365; x_wconf 83' lang='grc' dir='ltr'><strong><em>αὐτῶν</em></strong></span> <span class='ocrx_word' id='word_1_4' title='bbox 249 298 390 382; x_wconf 80' lang='grc' dir='ltr'><strong><em>ἀναρχία</em></strong></span> <span class='ocrx_word' id='word_1_5' title='bbox 412 296 556 381; x_wconf 77' lang='grc' dir='ltr'><strong><em>κατέσχε.</em></strong></span> <span class='ocrx_word' id='word_1_6' title='bbox 603 299 689 381; x_wconf 83' lang='grc'>&lt;85&gt;</span> <span class='ocrx_word' id='word_1_7' title='bbox 714 297 794 381; x_wconf 81' lang='grc' dir='ltr'><strong><em>μετὰ</em></strong></span> <span class='ocrx_word' id='word_1_8' title='bbox 816 305 918 362; x_wconf 85' lang='grc' dir='ltr'><strong><em>ταῦτα</em></strong></span> <span class='ocrx_word' id='word_1_9' title='bbox 944 294 975 360; x_wconf 87' lang='grc' dir='ltr'><strong><em>δ’</em></strong></span> <span class='ocrx_word' id='word_1_10' title='bbox 1002 298 1050 373; x_wconf 91' lang='grc' dir='ltr'><strong><em>είς</em></strong></span> <span class='ocrx_word' id='word_1_11' title='bbox 1074 298 1135 379; x_wconf 85' lang='grc' dir='ltr'><strong><em>τήν</em></strong></span> 
     </span>
     <span class='ocr_line' id='line_1_3' title="bbox 115 402 1134 492; baseline -0.005 -19"><span class='ocrx_word' id='word_1_12' title='bbox 115 405 281 492; x_wconf 88' lang='grc' dir='ltr'><strong><em>προτέραν</em></strong></span> <span class='ocrx_word' id='word_1_13' title='bbox 295 404 487 487; x_wconf 73' lang='grc' dir='ltr'><strong><em>ἐπανῆλθον</em></strong></span> <span class='ocrx_word' id='word_1_14' title='bbox 500 407 680 486; x_wconf 79' lang='grc' dir='ltr'><strong><em>πολιτείαν,</em></strong></span> <span class='ocrx_word' id='word_1_15' title='bbox 696 413 741 490; x_wconf 74' lang='grc' dir='ltr'><strong><em>τῷ</em></strong></span> <span class='ocrx_word' id='word_1_16' title='bbox 755 403 837 467; x_wconf 83' lang='grc' dir='ltr'><strong><em>κατὰ</em></strong></span> <span class='ocrx_word' id='word_1_17' title='bbox 850 404 996 486; x_wconf 84' lang='grc' dir='ltr'><strong><em>πόλεμον</em></strong></span> <span class='ocrx_word' id='word_1_18' title='bbox 1009 402 1134 491; x_wconf 79' lang='grc' dir='ltr'><em>ἀρίστῳ</em></span> 
     </span>
     <span class='ocr_line' id='line_1_4' title="bbox 116 507 1135 595; baseline -0.004 -16"><span class='ocrx_word' id='word_1_19' title='bbox 116 512 251 591; x_wconf 77' lang='grc' dir='ltr'><strong><em>δόξαντι</em></strong></span> <span class='ocrx_word' id='word_1_20' title='bbox 273 517 475 595; x_wconf 85' lang='grc' dir='ltr'><strong><em>γεγενῆσθαι</em></strong></span> <span class='ocrx_word' id='word_1_21' title='bbox 498 508 553 575; x_wconf 86' lang='grc' dir='ltr'><strong><em>καλ</em></strong></span> <span class='ocrx_word' id='word_1_22' title='bbox 576 507 647 575; x_wconf 86' lang='grc' dir='ltr'><strong><em>κατ’</em></strong></span> <span class='ocrx_word' id='word_1_23' title='bbox 673 509 832 594; x_wconf 76' lang='grc' dir='ltr'><strong><em>ἀνδρείαν</em></strong></span> <span class='ocrx_word' id='word_1_24' title='bbox 854 507 929 593; x_wconf 85' lang='grc' dir='ltr'><strong><em>περὶ</em></strong></span> <span class='ocrx_word' id='word_1_25' title='bbox 953 521 1021 574; x_wconf 92' lang='grc' dir='ltr'><strong><em>τῶν</em></strong></span> <span class='ocrx_word' id='word_1_26' title='bbox 1045 511 1135 576; x_wconf 86' lang='grc' dir='ltr'><strong><em>ὅλων</em></strong></span> 
     </span>
     <span class='ocr_line' id='line_1_5' title="bbox 116 616 1135 704; baseline -0.004 -18"><span class='ocrx_word' id='word_1_27' title='bbox 116 621 261 699; x_wconf 77' lang='grc' dir='ltr'><strong><em>δικάζειν</em></strong></span> <span class='ocrx_word' id='word_1_28' title='bbox 275 616 516 704; x_wconf 87' lang='grc' dir='ltr'><strong><em>ἐπιτρέποντες·</em></strong></span> <span class='ocrx_word' id='word_1_29' title='bbox 535 616 590 682; x_wconf 85' lang='grc' dir='ltr'><strong><em>καλ</em></strong></span> <span class='ocrx_word' id='word_1_30' title='bbox 609 619 665 682; x_wconf 84' lang='grc' dir='ltr'><strong><em>διά</em></strong></span> <span class='ocrx_word' id='word_1_31' title='bbox 683 627 782 683; x_wconf 88' lang='grc' dir='ltr'><strong><em>τοῦτο</em></strong></span> <span class='ocrx_word' id='word_1_32' title='bbox 800 619 859 682; x_wconf 93' lang='grc' dir='ltr'><strong><em>τὸν</em></strong></span> <span class='ocrx_word' id='word_1_33' title='bbox 873 620 997 702; x_wconf 86' lang='grc' dir='ltr'><strong><em>χρόνον</em></strong></span> <span class='ocrx_word' id='word_1_34' title='bbox 1013 625 1135 682; x_wconf 80' lang='grc' dir='ltr'><strong><em>τοῦτον</em></strong></span> 
     </span>
     <span class='ocr_line' id='line_1_6' title="bbox 116 723 1160 811; baseline -0.011 -18"><span class='ocrx_word' id='word_1_35' title='bbox 116 737 175 811; x_wconf 90' lang='grc' dir='ltr'><strong><em>τῆς</em></strong></span> <span class='ocrx_word' id='word_1_36' title='bbox 197 729 365 802; x_wconf 78' lang='grc' dir='ltr'><strong><em>πολιτείας</em></strong></span> <span class='ocrx_word' id='word_1_37' title='bbox 386 735 510 810; x_wconf 80' lang='grc' dir='ltr'><strong><em>κριτῶν</em></strong></span> <span class='ocrx_word' id='word_1_38' title='bbox 532 723 700 790; x_wconf 78' lang='grc' dir='ltr'><strong><em>ἐκάλεσαν.</em></strong></span> <span class='ocrx_word' id='word_1_39' title='bbox 1149 744 1160 782; x_wconf 81' lang='lat'>⁵</span> 
     </span>
    </p>

    <p class='ocr_par' dir='ltr' id='par_1_3' title="bbox 81 826 1136 1128">
     <span class='ocr_line' id='line_1_7' title="bbox 81 826 1136 917; baseline -0.006 -15"><span class='ocrx_word' id='word_1_40' title='bbox 81 851 97 902; x_wconf 81' lang='grc' dir='ltr'><strong><em>ο</em></strong></span> <span class='ocrx_word' id='word_1_41' title='bbox 185 834 271 916; x_wconf 88' lang='grc'>&lt;86&gt;</span> <span class='ocrx_word' id='word_1_42' title='bbox 294 830 470 913; x_wconf 81' lang='grc' dir='ltr'><strong><em>ἐκκλησίαν</em></strong></span> <span class='ocrx_word' id='word_1_43' title='bbox 493 826 529 895; x_wconf 72' lang='grc' dir='ltr'><strong><em>δέ</em></strong></span> <span class='ocrx_word' id='word_1_44' title='bbox 548 831 747 915; x_wconf 87' lang='grc' dir='ltr'><strong><em>Σαμούηλος</em></strong></span> <span class='ocrx_word' id='word_1_45' title='bbox 765 833 904 914; x_wconf 79' lang='grc' dir='ltr'><strong><em>ποιήσας</em></strong></span> <span class='ocrx_word' id='word_1_46' title='bbox 925 830 942 896; x_wconf 99' lang='lat'>6</span> <span class='ocrx_word' id='word_1_47' title='bbox 961 833 1136 917; x_wconf 82' lang='grc' dir='ltr'><strong><em>προφήτης</em></strong></span> 
     </span>
     <span class='ocr_line' id='line_1_8' title="bbox 117 935 1135 1023; baseline -0.002 -18"><span class='ocrx_word' id='word_1_48' title='bbox 117 952 185 1006; x_wconf 89' lang='grc' dir='ltr'><strong><em>τῶν</em></strong></span> <span class='ocrx_word' id='word_1_49' title='bbox 209 937 388 1023; x_wconf 83' lang='grc' dir='ltr'><strong><em>Ἑβραίων,</em></strong></span> <span class='ocrx_word' id='word_1_50' title='bbox 422 935 608 1021; x_wconf 64' lang='grc' dir='ltr'><strong><em>“έπύμυυμι’</em></strong></span> <span class='ocrx_word' id='word_1_51' title='bbox 637 941 741 1021; x_wconf 84' lang='grc' dir='ltr'><strong><em>φησίν</em></strong></span> <span class='ocrx_word' id='word_1_52' title='bbox 768 937 860 1021; x_wconf 50' lang='grc' dir='ltr'><strong><em>(ὑμίν</em></strong></span> <span class='ocrx_word' id='word_1_53' title='bbox 886 938 947 1002; x_wconf 87' lang='grc' dir='ltr'><strong><em>τὸν</em></strong></span> <span class='ocrx_word' id='word_1_54' title='bbox 978 936 1135 1022; x_wconf 86' lang='grc' dir='ltr'><strong><em>μέγιστον</em></strong></span> 
     </span>
     <span class='ocr_line' id='line_1_9' title="bbox 117 1042 1134 1128; baseline -0.003 -17"><span class='ocrx_word' id='word_1_55' title='bbox 117 1049 215 1128; x_wconf 85' lang='grc' dir='ltr'><strong><em>θεόν,</em></strong></span> <span class='ocrx_word' id='word_1_56' title='bbox 238 1044 275 1120; x_wconf 85' lang='grc' dir='ltr'><strong><em>ὃς</em></strong></span> <span class='ocrx_word' id='word_1_57' title='bbox 297 1046 375 1120; x_wconf 85' lang='grc' dir='ltr'><strong><em>τοὺς</em></strong></span> <span class='ocrx_word' id='word_1_58' title='bbox 398 1043 565 1127; x_wconf 83' lang='grc' dir='ltr'><strong><em>άδελφοὺς</em></strong></span> <span class='ocrx_word' id='word_1_59' title='bbox 587 1046 665 1120; x_wconf 87' lang='grc' dir='ltr'><strong><em>τοὺς</em></strong></span> <span class='ocrx_word' id='word_1_60' title='bbox 687 1042 838 1127; x_wconf 80' lang='grc' dir='ltr'><strong><em>ἀγαθοὺς</em></strong></span> <span class='ocrx_word' id='word_1_61' title='bbox 862 1042 1023 1127; x_wconf 77' lang='grc' dir='ltr'><strong><em>ἐκείνους,</em></strong></span> <span class='ocrx_word' id='word_1_62' title='bbox 1049 1043 1134 1126; x_wconf 89' lang='grc' dir='ltr'><strong><em>λέγω</em></strong></span> 
     </span>
    </p>

    <p class='ocr_par' dir='ltr' id='par_1_4' title="bbox 35 1146 1172 2401">
     <span class='ocr_line' id='line_1_10' title="bbox 35 1146 1135 1235; baseline -0.001 -20"><span class='ocrx_word' id='word_1_63' title='bbox 35 1217 40 1222; x_wconf 70' lang='grc'><strong><em>,</em></strong></span> <span class='ocrx_word' id='word_1_64' title='bbox 117 1151 158 1233; x_wconf 85' lang='grc' dir='ltr'><strong><em>δή</em></strong></span> <span class='ocrx_word' id='word_1_65' title='bbox 178 1153 331 1233; x_wconf 79' lang='grc' dir='ltr'><strong><em>Μωυσῆν</em></strong></span> <span class='ocrx_word' id='word_1_66' title='bbox 353 1146 408 1214; x_wconf 80' lang='grc' dir='ltr'><strong><em>καὶ</em></strong></span> <span class='ocrx_word' id='word_1_67' title='bbox 429 1146 588 1235; x_wconf 79' lang='grc' dir='ltr'><strong><em>Ἀαρῶνα,</em></strong></span> <span class='ocrx_word' id='word_1_68' title='bbox 610 1150 802 1234; x_wconf 77' lang='grc' dir='ltr'><strong><em>παρήγαγεν</em></strong></span> <span class='ocrx_word' id='word_1_69' title='bbox 825 1151 872 1227; x_wconf 86' lang='grc' dir='ltr'><strong><em>είς</em></strong></span> <span class='ocrx_word' id='word_1_70' title='bbox 892 1150 952 1214; x_wconf 92' lang='grc' dir='ltr'><strong><em>τὸν</em></strong></span> <span class='ocrx_word' id='word_1_71' title='bbox 969 1152 1056 1234; x_wconf 92' lang='grc' dir='ltr'><strong><em>βίον,</em></strong></span> <span class='ocrx_word' id='word_1_72' title='bbox 1080 1149 1135 1215; x_wconf 81' lang='grc' dir='ltr'><strong><em>καλ</em></strong></span> 
     </span>
     <span class='ocr_line' id='line_1_11' title="bbox 117 1253 1172 1342; baseline 0 -21"><span class='ocrx_word' id='word_1_73' title='bbox 117 1259 195 1333; x_wconf 87' lang='grc' dir='ltr'><strong><em>τοὺς</em></strong></span> <span class='ocrx_word' id='word_1_74' title='bbox 217 1255 361 1342; x_wconf 81' lang='grc' dir='ltr'><strong><em>πατέρας</em></strong></span> <span class='ocrx_word' id='word_1_75' title='bbox 382 1255 476 1340; x_wconf 83' lang='grc' dir='ltr'><strong><em>ἡμῶν</em></strong></span> <span class='ocrx_word' id='word_1_76' title='bbox 500 1254 681 1341; x_wconf 84' lang='grc' dir='ltr'><strong><em>ἐξήρπασεν</em></strong></span> <span class='ocrx_word' id='word_1_77' title='bbox 699 1258 895 1338; x_wconf 88' lang='grc' dir='ltr'><strong><em>Αίγνπτίωυ</em></strong></span> <span class='ocrx_word' id='word_1_78' title='bbox 916 1253 971 1319; x_wconf 85' lang='grc' dir='ltr'><strong><em>καλ</em></strong></span> <span class='ocrx_word' id='word_1_79' title='bbox 994 1264 1053 1339; x_wconf 89' lang='grc' dir='ltr'><strong><em>τῆς</em></strong></span> <span class='ocrx_word' id='word_1_80' title='bbox 1076 1253 1132 1321; x_wconf 78' lang='grc' dir='ltr'><strong><em>ὑπ’</em></strong></span> <span class='ocrx_word' id='word_1_81' title='bbox 1149 1274 1172 1313; x_wconf 81' lang='lat'><strong><em>1⁰</em></strong></span> 
     </span>
     <span class='ocr_line' id='line_1_12' title="bbox 118 1353 1132 1447; baseline -0.002 -19"><span class='ocrx_word' id='word_1_82' title='bbox 118 1353 232 1440; x_wconf 75' lang='grc' dir='ltr'><strong><em>αὐτοῖς</em></strong></span> <span class='ocrx_word' id='word_1_83' title='bbox 255 1364 422 1445; x_wconf 90' lang='grc' dir='ltr'><strong><em>δουλείας,</em></strong></span> <span class='ocrx_word' id='word_1_84' title='bbox 447 1359 552 1445; x_wconf 74' lang='grc' dir='ltr'><strong><em>μηδὲν</em></strong></span> <span class='ocrx_word' id='word_1_85' title='bbox 574 1360 648 1445; x_wconf 87' lang='grc' dir='ltr'><strong><em>μήτ’</em></strong></span> <span class='ocrx_word' id='word_1_86' title='bbox 674 1363 766 1427; x_wconf 83' lang='grc' dir='ltr'><strong><em>αίδοῖ</em></strong></span> <span class='ocrx_word' id='word_1_87' title='bbox 786 1360 1028 1447; x_wconf 80' lang='grc' dir='ltr'><strong><em>χαρισαμένους</em></strong></span> <span class='ocrx_word' id='word_1_88' title='bbox 1050 1359 1132 1446; x_wconf 90' lang='grc' dir='ltr'><strong><em>μήθ’</em></strong></span> 
     </span>
     <span class='ocr_line' id='line_1_13' title="bbox 117 1464 1134 1557; baseline 0 -23"><span class='ocrx_word' id='word_1_89' title='bbox 117 1466 418 1551; x_wconf 82' lang='grc' dir='ltr'><strong><em>ὑποστειλαμένους</em></strong></span> <span class='ocrx_word' id='word_1_90' title='bbox 441 1470 535 1555; x_wconf 80' lang='grc' dir='ltr'><strong><em>φόβῳ</em></strong></span> <span class='ocrx_word' id='word_1_91' title='bbox 560 1466 633 1552; x_wconf 89' lang='grc' dir='ltr'><strong><em>μήτ’</em></strong></span> <span class='ocrx_word' id='word_1_92' title='bbox 660 1470 757 1557; x_wconf 67' lang='grc' dir='ltr'><strong><em>άλλω,</em></strong></span> <span class='ocrx_word' id='word_1_93' title='bbox 771 1464 838 1534; x_wconf 84' lang='grc' dir='ltr'><strong><em>τινὶ</em></strong></span> <span class='ocrx_word' id='word_1_94' title='bbox 861 1468 964 1533; x_wconf 90' lang='grc' dir='ltr'><strong><em>πάθει</em></strong></span> <span class='ocrx_word' id='word_1_95' title='bbox 982 1489 1134 1554; x_wconf 88' lang='grc' dir='ltr'><strong><em>παραχω-</em></strong></span> 
     </span>
     <span class='ocr_line' id='line_1_14' title="bbox 119 1572 1135 1658; baseline 0.001 -19"><span class='ocrx_word' id='word_1_96' title='bbox 119 1577 283 1658; x_wconf 91' lang='grc' dir='ltr'><strong><em>ρήσαντας</em></strong></span> <span class='ocrx_word' id='word_1_97' title='bbox 306 1577 411 1638; x_wconf 85' lang='grc' dir='ltr'><strong><em>είπείν</em></strong></span> <span class='ocrx_word' id='word_1_98' title='bbox 433 1580 467 1638; x_wconf 88' lang='grc' dir='ltr'><strong><em>εί</em></strong></span> <span class='ocrx_word' id='word_1_99' title='bbox 481 1578 516 1638; x_wconf 95' lang='grc' dir='ltr'><strong><em>τί</em></strong></span> <span class='ocrx_word' id='word_1_100' title='bbox 532 1598 588 1657; x_wconf 91' lang='grc' dir='ltr'><strong><em>μοι</em></strong></span> <span class='ocrx_word' id='word_1_101' title='bbox 606 1573 788 1658; x_wconf 85' lang='grc' dir='ltr'><strong><em>πέπρακται</em></strong></span> <span class='ocrx_word' id='word_1_102' title='bbox 808 1576 924 1640; x_wconf 89' lang='grc' dir='ltr'><strong><em>σκαιὸν</em></strong></span> <span class='ocrx_word' id='word_1_103' title='bbox 941 1572 997 1640; x_wconf 84' lang='grc' dir='ltr'><strong><em>καλ</em></strong></span> <span class='ocrx_word' id='word_1_104' title='bbox 1016 1576 1135 1640; x_wconf 87' lang='grc' dir='ltr'><strong><em>άδικον</em></strong></span> 
     </span>
     <span class='ocr_line' id='line_1_15' title="bbox 118 1678 1135 1772; baseline 0.001 -28"><span class='ocrx_word' id='word_1_105' title='bbox 118 1678 139 1764; x_wconf 83' lang='grc' dir='ltr'><strong><em>ή</em></strong></span> <span class='ocrx_word' id='word_1_106' title='bbox 170 1678 309 1766; x_wconf 85' lang='grc' dir='ltr'><strong><em>κέρδους</em></strong></span> <span class='ocrx_word' id='word_1_107' title='bbox 341 1679 436 1745; x_wconf 78' lang='grc' dir='ltr'><strong><em>ἕνεκα</em></strong></span> <span class='ocrx_word' id='word_1_108' title='bbox 468 1678 487 1763; x_wconf 83' lang='grc' dir='ltr'><strong><em>ή</em></strong></span> <span class='ocrx_word' id='word_1_109' title='bbox 520 1679 710 1759; x_wconf 84' lang='grc' dir='ltr'><strong><em>πλεονεξίας</em></strong></span> <span class='ocrx_word' id='word_1_110' title='bbox 741 1678 762 1763; x_wconf 84' lang='grc' dir='ltr'><strong><em>ή</em></strong></span> <span class='ocrx_word' id='word_1_111' title='bbox 793 1681 927 1772; x_wconf 88' lang='grc' dir='ltr'><strong><em>χάριτος</em></strong></span> <span class='ocrx_word' id='word_1_112' title='bbox 962 1689 1021 1764; x_wconf 89' lang='grc' dir='ltr'><strong><em>τῆς</em></strong></span> <span class='ocrx_word' id='word_1_113' title='bbox 1051 1683 1135 1766; x_wconf 89' lang='grc' dir='ltr'><strong><em>πρὸς</em></strong></span> 
     </span>
     <span class='ocr_line' id='line_1_16' title="bbox 119 1783 1171 1871; baseline -0.002 -17"><span class='ocrx_word' id='word_1_114' title='bbox 119 1790 250 1870; x_wconf 84' lang='grc' dir='ltr'><strong><em>άλλους,</em></strong></span> <span class='ocrx_word' id='word_1_115' title='bbox 273 1787 360 1870; x_wconf 79' lang='grc'>&lt;87&gt;</span> <span class='ocrx_word' id='word_1_116' title='bbox 382 1783 509 1867; x_wconf 82' lang='grc' dir='ltr'><strong><em>ἐλέγξαι</em></strong></span> <span class='ocrx_word' id='word_1_117' title='bbox 533 1783 563 1849; x_wconf 94' lang='grc' dir='ltr'><strong><em>δ’</em></strong></span> <span class='ocrx_word' id='word_1_118' title='bbox 586 1789 617 1850; x_wconf 89' lang='grc' dir='ltr'><strong><em>εί</em></strong></span> <span class='ocrx_word' id='word_1_119' title='bbox 637 1784 693 1851; x_wconf 84' lang='grc' dir='ltr'><strong><em>καλ</em></strong></span> <span class='ocrx_word' id='word_1_120' title='bbox 716 1796 784 1850; x_wconf 86' lang='grc' dir='ltr'><strong><em>τῶν</em></strong></span> <span class='ocrx_word' id='word_1_121' title='bbox 804 1787 964 1851; x_wconf 81' lang='grc' dir='ltr'><strong><em>τοιούτων</em></strong></span> <span class='ocrx_word' id='word_1_122' title='bbox 982 1810 1014 1851; x_wconf 89' lang='grc' dir='ltr'><strong><em>τι</em></strong></span> <span class='ocrx_word' id='word_1_123' title='bbox 1033 1803 1134 1871; x_wconf 82' lang='grc' dir='ltr'><strong><em>προσ·</em></strong></span> <span class='ocrx_word' id='word_1_124' title='bbox 1148 1805 1171 1845; x_wconf 76' lang='lat'><strong><em>15</em></strong></span> 
     </span>
     <span class='ocr_line' id='line_1_17' title="bbox 117 1878 1135 1979; baseline 0 -20"><span class='ocrx_word' id='word_1_125' title='bbox 117 1895 258 1979; x_wconf 87' lang='grc' dir='ltr'><strong><em>ηκάμην,</em></strong></span> <span class='ocrx_word' id='word_1_126' title='bbox 278 1895 402 1978; x_wconf 83' lang='grc' dir='ltr'><strong><em>μόσχον</em></strong></span> <span class='ocrx_word' id='word_1_127' title='bbox 421 1891 441 1976; x_wconf 83' lang='grc' dir='ltr'><strong><em>ή</em></strong></span> <span class='ocrx_word' id='word_1_128' title='bbox 460 1895 639 1978; x_wconf 85' lang='grc' dir='ltr'><strong><em>πρόβατον,</em></strong></span> <span class='ocrx_word' id='word_1_129' title='bbox 658 1890 775 1978; x_wconf 83' lang='grc' dir='ltr'><strong><em>δπρὸς</em></strong></span> <span class='ocrx_word' id='word_1_130' title='bbox 789 1893 918 1976; x_wconf 84' lang='grc' dir='ltr'><strong><em>τροφήν</em></strong></span> <span class='ocrx_word' id='word_1_131' title='bbox 932 1878 1135 1977; x_wconf 82' lang='grc' dir='ltr'><strong><em>ἀνεμέσητον</em></strong></span> 
     </span>
     <span class='ocr_line' id='line_1_18' title="bbox 117 1997 1134 2086; baseline 0 -22"><span class='ocrx_word' id='word_1_132' title='bbox 117 2002 212 2066; x_wconf 76' lang='grc' dir='ltr'><strong><em>δοκεῖ</em></strong></span> <span class='ocrx_word' id='word_1_133' title='bbox 233 2001 430 2086; x_wconf 81' lang='grc' dir='ltr'><strong><em>λαμβάνειν,</em></strong></span> <span class='ocrx_word' id='word_1_134' title='bbox 456 1997 477 2082; x_wconf 84' lang='grc' dir='ltr'><strong><em>ή</em></strong></span> <span class='ocrx_word' id='word_1_135' title='bbox 501 2005 535 2064; x_wconf 90' lang='grc' dir='ltr'><strong><em>εί</em></strong></span> <span class='ocrx_word' id='word_1_136' title='bbox 553 2022 644 2075; x_wconf 93' lang='grc' dir='ltr'><strong><em>τινος</em></strong></span> <span class='ocrx_word' id='word_1_137' title='bbox 666 1998 847 2080; x_wconf 78' lang='grc' dir='ltr'><strong><em>ὑποζύγιον</em></strong></span> <span class='ocrx_word' id='word_1_138' title='bbox 875 2001 922 2074; x_wconf 88' lang='grc' dir='ltr'><strong><em>είς</em></strong></span> <span class='ocrx_word' id='word_1_139' title='bbox 949 1997 1031 2082; x_wconf 86' lang='grc' dir='ltr'><strong><em>ἐμήν</em></strong></span> <span class='ocrx_word' id='word_1_140' title='bbox 1055 2000 1134 2064; x_wconf 76' lang='grc' dir='ltr'><strong><em>άπο</em></strong></span> 
     </span>
     <span class='ocr_line' id='line_1_19' title="bbox 116 2104 1134 2193; baseline 0.003 -24"><span class='ocrx_word' id='word_1_141' title='bbox 116 2107 245 2181; x_wconf 88' lang='grc' dir='ltr'><strong><em>σπάσας</em></strong></span> <span class='ocrx_word' id='word_1_142' title='bbox 263 2108 378 2190; x_wconf 88' lang='grc' dir='ltr'><strong><em>χρείαν</em></strong></span> <span class='ocrx_word' id='word_1_143' title='bbox 397 2105 553 2187; x_wconf 85' lang='grc' dir='ltr'><strong><em>ἐλύπησα,</em></strong></span> <span class='ocrx_word' id='word_1_144' title='bbox 575 2107 704 2170; x_wconf 89' lang='grc' dir='ltr'><strong><em>τούτων</em></strong></span> <span class='ocrx_word' id='word_1_145' title='bbox 722 2104 759 2170; x_wconf 79' lang='grc' dir='ltr'><strong><em>ἕν</em></strong></span> <span class='ocrx_word' id='word_1_146' title='bbox 777 2128 809 2169; x_wconf 92' lang='grc' dir='ltr'><strong><em>τι</em></strong></span> <span class='ocrx_word' id='word_1_147' title='bbox 827 2116 994 2171; x_wconf 82' lang='grc' dir='ltr'><strong><em>κατειπεῖν</em></strong></span> <span class='ocrx_word' id='word_1_148' title='bbox 1011 2111 1134 2193; x_wconf 86' lang='grc' dir='ltr'><strong><em>παρόν-</em></strong></span> 
     </span>
     <span class='ocr_line' id='line_1_20' title="bbox 111 2208 1135 2295; baseline 0.005 -21"><span class='ocrx_word' id='word_1_149' title='bbox 111 2233 174 2287; x_wconf 88' lang='grc' dir='ltr'><strong><em>τος</em></strong></span> <span class='ocrx_word' id='word_1_150' title='bbox 205 2211 300 2293; x_wconf 85' lang='grc' dir='ltr'><strong><em>ὑμῶν</em></strong></span> <span class='ocrx_word' id='word_1_151' title='bbox 331 2220 391 2276; x_wconf 85' lang='grc' dir='ltr'><strong><em>τοῦ</em></strong></span> <span class='ocrx_word' id='word_1_152' title='bbox 423 2208 604 2295; x_wconf 84' lang='grc' dir='ltr'><strong><em>βασιλέως.’</em></strong></span> <span class='ocrx_word' id='word_1_153' title='bbox 657 2214 693 2275; x_wconf 78' lang='grc' dir='ltr'><strong><em>ολ</em></strong></span> <span class='ocrx_word' id='word_1_154' title='bbox 722 2208 753 2275; x_wconf 88' lang='grc' dir='ltr'><strong><em>δ’</em></strong></span> <span class='ocrx_word' id='word_1_155' title='bbox 786 2208 971 2295; x_wconf 82' lang='grc' dir='ltr'><strong><em>ἀνέκραγον</em></strong></span> <span class='ocrx_word' id='word_1_156' title='bbox 1006 2215 1135 2279; x_wconf 91' lang='grc' dir='ltr'><strong><em>τούτων</em></strong></span> 
     </span>
     <span class='ocr_line' id='line_1_21' title="bbox 118 2311 1171 2401; baseline 0.005 -22"><span class='ocrx_word' id='word_1_157' title='bbox 118 2311 220 2379; x_wconf 70' lang='grc' dir='ltr'><strong><em>οὐδὲν</em></strong></span> <span class='ocrx_word' id='word_1_158' title='bbox 242 2313 298 2380; x_wconf 83' lang='grc' dir='ltr'><strong><em>ὑπ’</em></strong></span> <span class='ocrx_word' id='word_1_159' title='bbox 320 2315 423 2380; x_wconf 87' lang='grc' dir='ltr'><strong><em>αὐτοῦ</em></strong></span> <span class='ocrx_word' id='word_1_160' title='bbox 446 2314 630 2398; x_wconf 86' lang='grc' dir='ltr'><strong><em>γεγονέναι,</em></strong></span> <span class='ocrx_word' id='word_1_161' title='bbox 653 2325 836 2401; x_wconf 79' lang='grc' dir='ltr'><strong><em>προστῆναι</em></strong></span> <span class='ocrx_word' id='word_1_162' title='bbox 860 2314 890 2381; x_wconf 89' lang='grc' dir='ltr'><strong><em>δ’</em></strong></span> <span class='ocrx_word' id='word_1_163' title='bbox 913 2317 1012 2395; x_wconf 90' lang='grc' dir='ltr'><strong><em>ὁσίως</em></strong></span> <span class='ocrx_word' id='word_1_164' title='bbox 1032 2320 1135 2385; x_wconf 89' lang='grc' dir='ltr'><strong><em>αὐτὸν</em></strong></span> <span class='ocrx_word' id='word_1_165' title='bbox 1148 2335 1171 2376; x_wconf 75' lang='lat'><strong><em>2⁰</em></strong></span> 
     </span>
    </p>

    <p class='ocr_par' dir='ltr' id='par_1_5' title="bbox 79 2419 1176 3463">
     <span class='ocr_line' id='line_1_22' title="bbox 79 2419 1135 2508; baseline 0.007 -24"><span class='ocrx_word' id='word_1_166' title='bbox 79 2419 173 2491; x_wconf 72' lang='grc' dir='ltr'><strong><em>ἐκαλ</em></strong></span> <span class='ocrx_word' id='word_1_167' title='bbox 197 2422 332 2498; x_wconf 92' lang='grc' dir='ltr'><strong><em>δικαίως</em></strong></span> <span class='ocrx_word' id='word_1_168' title='bbox 354 2430 414 2487; x_wconf 86' lang='grc' dir='ltr'><strong><em>τοῦ</em></strong></span> <span class='ocrx_word' id='word_1_169' title='bbox 438 2423 569 2496; x_wconf 86' lang='grc' dir='ltr'><strong><em>έθνους.</em></strong></span> <span class='ocrx_word' id='word_1_170' title='bbox 613 2421 700 2503; x_wconf 86' lang='grc'>&lt;88&gt;</span> <span class='ocrx_word' id='word_1_171' title='bbox 722 2425 921 2506; x_wconf 86' lang='grc' dir='ltr'><strong><em>Σαμούηλος</em></strong></span> <span class='ocrx_word' id='word_1_172' title='bbox 944 2422 991 2507; x_wconf 87' lang='grc' dir='ltr'><strong><em>δέ,</em></strong></span> <span class='ocrx_word' id='word_1_173' title='bbox 1014 2428 1135 2508; x_wconf 89' lang='grc' dir='ltr'><strong><em>ταύτης</em></strong></span> 
     </span>
     <span class='ocr_line' id='line_1_23' title="bbox 118 2525 1134 2615; baseline 0.006 -25"><span class='ocrx_word' id='word_1_174' title='bbox 118 2525 151 2605; x_wconf 84' lang='grc' dir='ltr'><strong><em>ἐξ</em></strong></span> <span class='ocrx_word' id='word_1_175' title='bbox 175 2525 331 2592; x_wconf 86' lang='grc' dir='ltr'><strong><em>ἁπάντων</em></strong></span> <span class='ocrx_word' id='word_1_176' title='bbox 353 2534 412 2610; x_wconf 84' lang='grc' dir='ltr'><strong><em>τῆς</em></strong></span> <span class='ocrx_word' id='word_1_177' title='bbox 433 2530 615 2612; x_wconf 90' lang='grc' dir='ltr'><strong><em>μαρτυρίας</em></strong></span> <span class='ocrx_word' id='word_1_178' title='bbox 641 2526 730 2615; x_wconf 73' lang='grc' dir='ltr'><strong><em>αὐτῷ</em></strong></span> <span class='ocrx_word' id='word_1_179' title='bbox 753 2527 947 2613; x_wconf 89' lang='grc' dir='ltr'><strong><em>γενομένης,</em></strong></span> <span class='ocrx_word' id='word_1_180' title='bbox 976 2527 1059 2594; x_wconf 50' lang='grc' dir='ltr'><strong><em>εἐπεὶ</em></strong></span> <span class='ocrx_word' id='word_1_181' title='bbox 1084 2533 1134 2597; x_wconf 92' lang='grc' dir='ltr'><strong><em>δε-</em></strong></span> 
     </span>
     <span class='ocr_line' id='line_1_24' title="bbox 119 2631 1134 2723; baseline 0.004 -25"><span class='ocrx_word' id='word_1_182' title='bbox 119 2631 246 2698; x_wconf 85' lang='grc' dir='ltr'><strong><em>δώκατέ</em></strong></span> <span class='ocrx_word' id='word_1_183' title='bbox 275 2632 341 2719; x_wconf 86' lang='grc' dir='ltr'><strong><em>μοι’</em></strong></span> <span class='ocrx_word' id='word_1_184' title='bbox 373 2638 459 2720; x_wconf 85' lang='grc' dir='ltr'><strong><em>φησί</em></strong></span> <span class='ocrx_word' id='word_1_185' title='bbox 484 2634 531 2699; x_wconf 66' lang='grc' dir='ltr'><strong><em>“τὸ</em></strong></span> <span class='ocrx_word' id='word_1_186' title='bbox 564 2631 669 2720; x_wconf 74' lang='grc' dir='ltr'><strong><em>μηδὲν</em></strong></span> <span class='ocrx_word' id='word_1_187' title='bbox 700 2635 825 2700; x_wconf 89' lang='grc' dir='ltr'><strong><em>άτοπον</em></strong></span> <span class='ocrx_word' id='word_1_188' title='bbox 858 2632 909 2699; x_wconf 78' lang='grc' dir='ltr'><strong><em>ἔθ’</em></strong></span> <span class='ocrx_word' id='word_1_189' title='bbox 943 2635 1029 2719; x_wconf 83' lang='grc' dir='ltr'><strong><em>ὑμᾶς</em></strong></span> <span class='ocrx_word' id='word_1_190' title='bbox 1059 2636 1134 2723; x_wconf 80' lang='grc' dir='ltr'><strong><em>περὶ</em></strong></span> 
     </span>
     <span class='ocr_line' id='line_1_25' title="bbox 117 2739 1136 2826; baseline 0.006 -22"><span class='ocrx_word' id='word_1_191' title='bbox 117 2739 199 2825; x_wconf 85' lang='grc' dir='ltr'><strong><em>ἐμοῦ</em></strong></span> <span class='ocrx_word' id='word_1_192' title='bbox 223 2742 390 2808; x_wconf 89' lang='grc' dir='ltr'><strong><em>δύνασθαι</em></strong></span> <span class='ocrx_word' id='word_1_193' title='bbox 412 2741 531 2826; x_wconf 89' lang='grc' dir='ltr'><strong><em>λέγειν,</em></strong></span> <span class='ocrx_word' id='word_1_194' title='bbox 555 2740 636 2826; x_wconf 85' lang='grc' dir='ltr'><strong><em>φέρε</em></strong></span> <span class='ocrx_word' id='word_1_195' title='bbox 653 2750 718 2807; x_wconf 85' lang='grc' dir='ltr'><strong><em>νῦν</em></strong></span> <span class='ocrx_word' id='word_1_196' title='bbox 736 2743 816 2824; x_wconf 83' lang='grc' dir='ltr'><strong><em>μετὰ</em></strong></span> <span class='ocrx_word' id='word_1_197' title='bbox 834 2745 1018 2826; x_wconf 88' lang='grc' dir='ltr'><strong><em>παρρησίας</em></strong></span> <span class='ocrx_word' id='word_1_198' title='bbox 1036 2742 1136 2810; x_wconf 88' lang='grc' dir='ltr'><strong><em>άκού-</em></strong></span> 
     </span>
     <span class='ocr_line' id='line_1_26' title="bbox 116 2844 1172 2931; baseline 0.007 -22"><span class='ocrx_word' id='word_1_199' title='bbox 116 2846 198 2909; x_wconf 85' lang='grc' dir='ltr'><strong><em>σατέ</em></strong></span> <span class='ocrx_word' id='word_1_200' title='bbox 214 2870 279 2930; x_wconf 90' lang='grc' dir='ltr'><strong><em>μου</em></strong></span> <span class='ocrx_word' id='word_1_201' title='bbox 303 2848 457 2929; x_wconf 87' lang='grc' dir='ltr'><strong><em>λέγοντος</em></strong></span> <span class='ocrx_word' id='word_1_202' title='bbox 480 2850 530 2913; x_wconf 81' lang='grc' dir='ltr'><strong><em>ὅτι</em></strong></span> <span class='ocrx_word' id='word_1_203' title='bbox 552 2844 667 2931; x_wconf 84' lang='grc' dir='ltr'><strong><em>μεγάλ’</em></strong></span> <span class='ocrx_word' id='word_1_204' title='bbox 692 2845 873 2928; x_wconf 88' lang='grc' dir='ltr'><strong><em>ήσεβήσατε</em></strong></span> <span class='ocrx_word' id='word_1_205' title='bbox 896 2850 943 2924; x_wconf 91' lang='grc' dir='ltr'><strong><em>είς</em></strong></span> <span class='ocrx_word' id='word_1_206' title='bbox 964 2850 1025 2913; x_wconf 89' lang='grc' dir='ltr'><strong><em>τὸν</em></strong></span> <span class='ocrx_word' id='word_1_207' title='bbox 1050 2852 1136 2916; x_wconf 87' lang='grc' dir='ltr'><strong><em>θεὸν</em></strong></span> <span class='ocrx_word' id='word_1_208' title='bbox 1148 2865 1172 2907; x_wconf 75' lang='lat'><strong><em>¹⁵</em></strong></span> 
     </span>
     <span class='ocr_line' id='line_1_27' title="bbox 116 2951 1137 3040; baseline 0.005 -25"><span class='ocrx_word' id='word_1_209' title='bbox 116 2951 331 3034; x_wconf 77' lang='grc' dir='ltr'><strong><em>αἰτησάμενοι</em></strong></span> <span class='ocrx_word' id='word_1_210' title='bbox 361 2952 506 3035; x_wconf 86' lang='grc' dir='ltr'><strong><em>βασιλέα.</em></strong></span> <span class='ocrx_word' id='word_1_211' title='bbox 556 2952 643 3033; x_wconf 84' lang='grc'>&lt;89&gt;</span> <span class='ocrx_word' id='word_1_212' title='bbox 676 2952 954 3035; x_wconf 89' lang='grc' dir='ltr'><strong><em>διαμνημονεύειν</em></strong></span> <span class='ocrx_word' id='word_1_213' title='bbox 987 2951 1019 3018; x_wconf 88' lang='grc' dir='ltr'><strong><em>δ’</em></strong></span> <span class='ocrx_word' id='word_1_214' title='bbox 1049 2955 1137 3040; x_wconf 83' lang='grc' dir='ltr'><strong><em>ὑμᾶς</em></strong></span> 
     </span>
     <span class='ocr_line' id='line_1_28' title="bbox 117 3056 1136 3143; baseline 0.005 -20"><span class='ocrx_word' id='word_1_215' title='bbox 117 3066 283 3142; x_wconf 88' lang='grc' dir='ltr'><strong><em>προσῆκεν</em></strong></span> <span class='ocrx_word' id='word_1_216' title='bbox 311 3058 361 3124; x_wconf 81' lang='grc' dir='ltr'><strong><em>ὅτι</em></strong></span> <span class='ocrx_word' id='word_1_217' title='bbox 385 3061 447 3123; x_wconf 85' lang='grc' dir='ltr'><strong><em>σὺν</em></strong></span> <span class='ocrx_word' id='word_1_218' title='bbox 471 3056 695 3142; x_wconf 82' lang='grc' dir='ltr'><strong><em>ἑβδομήκοντα</em></strong></span> <span class='ocrx_word' id='word_1_219' title='bbox 722 3058 838 3141; x_wconf 88' lang='grc' dir='ltr'><strong><em>μόνοις</em></strong></span> <span class='ocrx_word' id='word_1_220' title='bbox 866 3058 901 3123; x_wconf 91' lang='grc' dir='ltr'><strong><em>έκ</em></strong></span> <span class='ocrx_word' id='word_1_221' title='bbox 927 3069 987 3125; x_wconf 84' lang='grc' dir='ltr'><strong><em>τοῦ</em></strong></span> <span class='ocrx_word' id='word_1_222' title='bbox 1015 3059 1136 3143; x_wconf 87' lang='grc' dir='ltr'><strong><em>γένους</em></strong></span> 
     </span>
     <span class='ocr_line' id='line_1_29' title="bbox 116 3161 1135 3250; baseline 0.003 -22"><span class='ocrx_word' id='word_1_223' title='bbox 116 3163 211 3248; x_wconf 88' lang='grc' dir='ltr'><strong><em>ήμῶν</em></strong></span> <span class='ocrx_word' id='word_1_224' title='bbox 235 3165 252 3230; x_wconf 95' lang='lat'>6</span> <span class='ocrx_word' id='word_1_225' title='bbox 271 3164 402 3240; x_wconf 88' lang='grc' dir='ltr'><strong><em>πάππος</em></strong></span> <span class='ocrx_word' id='word_1_226' title='bbox 417 3161 570 3248; x_wconf 83' lang='grc' dir='ltr'><strong><em>Ἰάκωβος</em></strong></span> <span class='ocrx_word' id='word_1_227' title='bbox 590 3164 646 3228; x_wconf 81' lang='grc' dir='ltr'><strong><em>διὰ</em></strong></span> <span class='ocrx_word' id='word_1_228' title='bbox 665 3165 762 3248; x_wconf 89' lang='grc' dir='ltr'><strong><em>λιμὸν</em></strong></span> <span class='ocrx_word' id='word_1_229' title='bbox 781 3167 828 3241; x_wconf 89' lang='grc' dir='ltr'><strong><em>είς</em></strong></span> <span class='ocrx_word' id='word_1_230' title='bbox 846 3170 1020 3248; x_wconf 85' lang='grc' dir='ltr'><strong><em>Αίγυπτον</em></strong></span> <span class='ocrx_word' id='word_1_231' title='bbox 1039 3162 1135 3250; x_wconf 89' lang='grc' dir='ltr'><strong><em>ήλθε.</em></strong></span> 
     </span>
     <span class='ocr_line' id='line_1_30' title="bbox 117 3268 1135 3357; baseline 0.006 -24"><span class='ocrx_word' id='word_1_232' title='bbox 117 3270 212 3334; x_wconf 83' lang='grc' dir='ltr'><strong><em>κάκεί</em></strong></span> <span class='ocrx_word' id='word_1_233' title='bbox 236 3277 370 3337; x_wconf 79' lang='grc' dir='ltr'><strong><em>πολλῶν</em></strong></span> <span class='ocrx_word' id='word_1_234' title='bbox 396 3270 570 3357; x_wconf 87' lang='grc' dir='ltr'><strong><em>μυριάδων</em></strong></span> <span class='ocrx_word' id='word_1_235' title='bbox 593 3268 890 3353; x_wconf 73' lang='grc' dir='ltr'><strong><em>ἐπιτεκνωθεισῶν,</em></strong></span> <span class='ocrx_word' id='word_1_236' title='bbox 918 3270 958 3348; x_wconf 82' lang='grc' dir='ltr'><strong><em>δς</em></strong></span> <span class='ocrx_word' id='word_1_237' title='bbox 985 3273 1033 3349; x_wconf 91' lang='grc' dir='ltr'><strong><em>είς</em></strong></span> <span class='ocrx_word' id='word_1_238' title='bbox 1056 3275 1135 3340; x_wconf 94' lang='grc' dir='ltr'><strong><em>δου-</em></strong></span> 
     </span>
     <span class='ocr_line' id='line_1_31' title="bbox 118 3374 1176 3463; baseline 0.008 -24"><span class='ocrx_word' id='word_1_239' title='bbox 118 3379 208 3452; x_wconf 90' lang='grc' dir='ltr'><strong><em>λείας</em></strong></span> <span class='ocrx_word' id='word_1_240' title='bbox 230 3374 284 3441; x_wconf 85' lang='grc' dir='ltr'><strong><em>καλ</em></strong></span> <span class='ocrx_word' id='word_1_241' title='bbox 303 3378 445 3461; x_wconf 84' lang='grc' dir='ltr'><strong><em>χαλεπάς</em></strong></span> <span class='ocrx_word' id='word_1_242' title='bbox 461 3377 576 3462; x_wconf 79' lang='grc' dir='ltr'><strong><em>ὕβρεις</em></strong></span> <span class='ocrx_word' id='word_1_243' title='bbox 592 3376 720 3459; x_wconf 87' lang='grc' dir='ltr'><strong><em>ήγαγον</em></strong></span> <span class='ocrx_word' id='word_1_244' title='bbox 739 3377 774 3442; x_wconf 78' lang='lat' dir='ltr'><strong><em>oc</em></strong></span> <span class='ocrx_word' id='word_1_245' title='bbox 790 3378 979 3460; x_wconf 84' lang='grc' dir='ltr'><strong><em>Αίγύπτιοι,</em></strong></span> <span class='ocrx_word' id='word_1_246' title='bbox 1003 3377 1021 3444; x_wconf 89' lang='lat'>6</span> <span class='ocrx_word' id='word_1_247' title='bbox 1042 3385 1135 3463; x_wconf 87' lang='grc' dir='ltr'><strong><em>θεός,</em></strong></span> <span class='ocrx_word' id='word_1_248' title='bbox 1149 3398 1176 3438; x_wconf 79' lang='lat'><strong><em>⁸0</em></strong></span> 
     </span>
    </p>

    <p class='ocr_par' dir='ltr' id='par_1_6' title="bbox 191 3497 544 3567">
     <span class='ocr_line' id='line_1_32' title="bbox 191 3497 544 3567; baseline 0.008 -18"><span class='ocrx_word' id='word_1_249' title='bbox 191 3501 258 3560; x_wconf 76' lang='lat'><strong><em>§86</em></strong></span> <span class='ocrx_word' id='word_1_250' title='bbox 279 3523 312 3541; x_wconf 93' lang='lat'><em>=</em></span> <span class='ocrx_word' id='word_1_251' title='bbox 334 3497 431 3567; x_wconf 77' lang='lat' dir='ltr'>lReg.</span> <span class='ocrx_word' id='word_1_252' title='bbox 451 3497 502 3552; x_wconf 89' lang='lat' dir='ltr'><strong><em>XII</em></strong></span> <span class='ocrx_word' id='word_1_253' title='bbox 521 3505 544 3552; x_wconf 87' lang='lat'><strong><em>1.</em></strong></span> 
     </span>
    </p>
   </div>
   <div class='ocr_carea' id='block_1_3' title="bbox 0 0 1205 3840">
    <p class='ocr_par' dir='ltr' id='par_1_7' title="bbox 0 0 1205 3840">
     <span class='ocr_line' id='line_1_33' title="bbox 0 0 1205 3840; baseline 0 0"><span class='ocrx_word' id='word_1_254' title='bbox 0 0 1205 3840; x_wconf 95' lang='lat' dir='ltr'><strong><em> </em></strong></span> 
     </span>
    </p>
   </div>
  </div>
 </body>
</html>
