2400 3840
499 123 624 173 οΓΔοΗ
1004 121 1071 186 225

50 283 147 349 κέναι
169 283 230 365 τήν
253 293 321 347 τῶν
343 283 482 347 αἰδοίων
509 283 702 367 περιτομήν·
730 282 899 359 “Φοίνικες
925 285 988 368 γάρ
1016 281 1072 348 καὶ

53 392 162 475 Σύροι
181 391 216 453 oc
234 388 270 454 ἐν
283 397 323 473 τή
338 390 547 474 Παλαιστίνῃ
565 389 766 473 ὁμολογοῦσι
782 385 859 473 παρ’
876 390 1072 471 Αἰγυπτίων

52 492 301 581 μεμαθηκέναιῖ
340 496 444 579 δήλου
462 489 524 560 οὖν
544 491 634 559 ἐστὶν
653 495 703 560 ότι
721 493 860 578 μηδένες
873 495 968 560 ἀλλοι
982 516 1074 579 περι-

51 601 231 686 τέμνονται
249 611 317 666 τῶν
337 599 373 666 ἐν
391 610 430 686 τή
445 604 654 686 Παλαιστίνῃ
674 602 798 686 Σύρων
815 599 836 683 ή
855 602 953 684 μόνοι
970 599 1073 684 ήμελς.

19 732 34 769 5
122 709 206 774 ἀλλά
229 705 305 792 περὶ
328 704 389 791 μὲν
412 708 541 772 τούτων
568 705 699 772 ἕκαστοι
727 705 913 789 λεγέτωσαν
936 708 954 772 ό
977 731 1009 771 τι
1031 706 1075 772 ἀν

52 815 170 891 αὐτοῖς
193 815 288 898 δοκή·
311 813 422 898 <263>
445 812 721 899 ἀναχωρήσαντος
744 810 781 878 δὲ
799 813 989 895 Σουσάκου,
1009 811 1074 876 Ῥο-
1093 831 1111 878 4

54 924 181 1005 βόαμος
204 919 222 985 ὁ
245 921 401 1003 βασιλεὺς
428 916 503 983 ἀντὶ
526 914 587 1001 μέν
609 929 678 983 τῶν
700 930 834 1004 χρυσῶν
861 926 998 1004 θυρεῶν
1020 916 1075 982 καὶ

53 1039 124 1092 τῶν
147 1025 297 1091 ἀσπίδων
320 1030 424 1108 χαλκᾶ
446 1025 587 1107 ποιήσας
614 1027 673 1090 τὸν
696 1023 800 1090 αύτδν
824 1023 972 1110 ἀριθμὸν
994 1046 1100 1109 παρ-«

56 1132 160 1197 έδωκε
182 1139 252 1208 τοϊς
275 1142 343 1197 τῶν
365 1133 544 1215 βασιλείων
567 1128 727 1214 φύλαξιν,
754 1128 829 1196 ἀντὶ
853 1128 890 1197 δὲ
912 1140 973 1196 τοῦ
996 1131 1077 1214 μετά

10 1261 39 1299 10
56 1242 255 1323 στρατηγίας
278 1236 462 1321 ἐπιφανοῦς
488 1233 545 1302 καὶ
571 1245 630 1319 τής
652 1235 689 1302 ἐν
711 1248 782 1314 τοῖς
804 1237 973 1323 πράγμασι
997 1243 1079 1320 λαμ-

57 1347 220 1429 πρότητος
238 1343 368 1425 διάγειν
387 1341 600 1427 ἐβασίλευσεν
616 1341 652 1428 ἐν
666 1342 787 1430 ήσυχίηι
800 1348 906 1428 πολλή
925 1341 980 1407 καὶ
999 1340 1078 1424 δέει,
1164 1392 1166 1396 -

59 1449 168 1515 πάντα
188 1452 248 1515 τὸν
271 1452 394 1535 χρόνον
418 1447 538 1534 ἐχθρὸς
561 1449 609 1515 ἀν
625 1446 833 1538 Ἱεροβοάμῳ.
877 1449 988 1531 <264>
1011 1447 1078 1513 ἐτε-

58 1556 196 1637 λεύτησε
220 1551 257 1619 δέ
280 1555 404 1638 βιώσας
427 1557 482 1636 ἐτη
505 1556 709 1637 πεντήκοντα
730 1553 786 1620 καί
810 1553 901 1638 ἑπτά,
926 1554 1080 1638 βασιλεύ-

59 1678 120 1737 σας
146 1659 177 1724 δ’
203 1659 313 1726 αὐτῶν
341 1658 573 1744 ἑπτακαίδεκα,
600 1662 660 1725 τὸν
686 1663 811 1746 τρόπον
839 1660 966 1739 ἀλαζὼν
994 1661 1078 1746 ἀνήρ

20 1789 45 1828 15
63 1765 117 1831 καὶ
140 1766 296 1849 ἀνόητος,
324 1765 379 1831 καὶ
407 1767 463 1831 διά
489 1769 527 1832 τὸ
555 1766 600 1851 μή
623 1765 798 1852 προσέχειν
825 1779 895 1843 τοῖς
916 1765 1081 1854 πατρῴοις

60 1852 184 1958 φίλοις
192 1873 254 1955 τήν
272 1871 378 1957 ἀρχήν
397 1870 570 1948 ἀπολέσας.
611 1870 716 1955 ἐτάφη
736 1869 766 1935 δ’
789 1869 826 1934 ἐν
840 1870 1082 1956 Ἱεροσολύμοις

61 1980 98 2044 έν
121 1990 194 2055 ταῖς
212 1979 334 2060 θήκαις
352 1988 420 2043 τῶν
438 1975 612 2061 βασιλέων.
659 1975 826 2055 διεδέξατο
846 1974 876 2041 δ’
898 1977 1002 2042 αὐτοῦ
1020 1978 1082 2060 τήν

62 2088 235 2169 βασιλείαν
258 2083 276 2149 ὁ
300 2085 373 2160 υίὸς
394 2081 514 2167 Ἀβίας,
538 2064 746 2167 όγδοονήδη
769 2081 825 2149 καὶ
849 2081 987 2148 δέκατον
1011 2085 1083 2160 ἔτος

58 2191 272 2276 Ἱεροβοάμου
294 2201 362 2256 τῶν
385 2189 465 2256 δέκα
487 2196 606 2276 φυλῶν
629 2192 872 2275 βασιλεύοντος.

21 2319 49 2358 νο
131 2297 241 2382 <265>
264 2296 320 2362 καὶ
339 2305 441 2363 ταῦτα
460 2295 521 2382 μέν
538 2305 693 2380 τοιοῦτον
712 2300 785 2382 έσχε
804 2299 841 2362 τὸ
860 2295 964 2381 τέλος,
986 2298 1027 2361 τά
1045 2293 1084 2360 δὲ

62 2403 139 2490 περὶ
163 2402 374 2489 Ἱεροβόαμον
401 2405 572 2471 ἀκόλουθα
598 2407 727 2471 τούτων
757 2408 889 2491 ἐχομεν,
916 2414 986 2480 πῶς
1008 2426 1084 2468 κατ-

64 2509 201 2596 έστρεψε
223 2512 282 2575 τὸν
305 2513 397 2595 βίον,
424 2509 618 2588 διεξελθεῖν.
664 2506 762 2586 οὗτος
783 2511 847 2595 γάρ
871 2508 912 2574 ού
935 2507 1084 2575 διέλιπεν

64 2615 138 2682 οὐδ’
160 2615 323 2701 ήρέμησεν
346 2618 394 2693 είς
414 2618 473 2682 τὸν
491 2618 575 2681 θεὸν
594 2614 783 2700 ἐξυβρίζων,
807 2614 890 2680 ἀλλὰ
907 2613 986 2678 καθ’
1007 2612 1085 2697 ἡμέ-

65 2747 129 2808 ραν
153 2720 206 2786 ἐπὶ
229 2733 297 2787 τῶν
320 2724 460 2806 ὑψηλῶν
483 2722 573 2806 ὀρῶν
595 2723 728 2805 βωμοὺς
751 2720 887 2796 ἀνιστάς
909 2717 965 2783 καὶ
987 2719 1086 2803 ίερεῖς

24 2847 50 2886 25
67 2828 103 2892 ἐκ
125 2837 186 2893 τοῦ
209 2830 362 2911 πλήθους
385 2828 583 2903 ἀποδεικνὺς
606 2824 752 2892 διετέλει.
797 2826 907 2910 <266>
929 2832 1032 2891 ταῦτα
1052 2821 1082 2888 δ’
1098 2825 1139 2888 11

67 2937 204 3018 ἔμελλεν
227 2934 288 3000 οὐκ
311 2937 359 3011 είς
382 2935 511 3020 μακράν
533 2933 741 3017 τάσεβήματα
763 2929 819 2997 καὶ
842 2932 903 3015 τήν
925 2927 1009 3016 ὑπὲρ
1029 2929 1087 2994 αύ-

67 3052 135 3106 τῶν
163 3042 261 3124 δίκην
289 3043 336 3118 είς
363 3041 424 3124 τήν
451 3041 554 3106 αὐτοῦ
581 3038 732 3123 κεφαλήν
764 3036 820 3104 καὶ
849 3038 956 3121 πάσης
982 3035 1086 3101 αὐτοῦ

67 3156 127 3230 τής
145 3157 261 3229 γενεᾶς
280 3146 435 3232 στρέφειν
453 3148 491 3212 τὸ
510 3154 616 3212 θεῖον.
652 3146 837 3231 κάμνοντος
858 3142 889 3208 δ’
907 3144 995 3231 αὐτῷ
1013 3140 1085 3207 κατ’

67 3253 198 3319 ἐκεῖνον
225 3256 285 3320 τὸν
311 3256 431 3339 καιρὸν
458 3262 518 3319 τοῦ
545 3255 679 3336 παιδός,
709 3251 749 3317 δν
774 3250 909 3336 Ὀβίμην
937 3249 1088 3332 ἐκάλουν,

142 3399 157 3458 ἓ
173 3399 226 3447 263
238 3401 297 3448 =3
312 3394 381 3462 Reg.
396 3393 461 3448 XIV
472 3398 518 3459 273
535 3391 654 3447 2'Paral.
668 3391 719 3444 XII
732 3397 775 3446 10.
846 3395 862 3455 ἓ
877 3394 929 3444 266
944 3415 978 3433 =
992 3388 1088 3455 3Reg.

68 3481 134 3535 XIV
152 3488 174 3534 1.
915 3534 918 3536 ,

125 3582 250 3622 Iosmus,
270 3582 302 3621 H.
639 3614 641 3619 ⁴
917 3568 956 3616 &h
