2400 3840
118 111 186 174 322
485 114 759 166 ΔΡΧΔΙΟΔΟΓΙΑΣ

81 288 100 335 4
185 271 272 356 <15>
296 274 390 357 ἔτυχε
413 270 444 338 δ’
465 274 531 340 ὑπὸ
552 277 612 340 τὸν
629 274 733 341 αὐτὸν
750 277 875 360 καιρὸν
893 276 955 343 καί
975 280 1141 364 γεγραφὼς

117 387 165 466 τῷ
185 376 309 465 Ἐζεκίᾳ
331 379 349 445 δ
369 377 542 465 Ἀσσύριος
565 380 748 463 ἐπιστολάς,
774 379 811 446 ἐν
834 374 893 459 αἰς
915 383 1069 468 ἀνόητον
1090 383 1141 471 μέν

119 485 223 550 αὐτὸν
245 487 358 567 ἔλεγεν
379 486 659 572 ὑπολαμβάνοντα
685 488 747 571 τήν
769 485 825 552 ὑπ’
853 488 950 576 αὐτῷ
977 491 1141 577 διαφεύξε-

119 598 202 657 σθαι
230 592 401 674 δουλείαν,
429 594 513 674 ἔθνη
540 594 647 658 πολλὰ
673 590 729 657 καὶ
751 593 880 677 μεγάλα
903 596 1141 686 κεχειρωμένῳ,
1172 583 1174 587 V

119 696 247 778 ἠπείλει
270 693 308 762 δὲ
330 700 545 784 πανωλεθρίᾳ
567 699 768 784 διαφθερεῖν
794 699 901 764 αὐτὸν
928 705 1159 789 παραλαβώνβ

120 804 152 866 εἰ
173 802 217 885 μή
236 803 296 879 τὰς
311 804 420 879 πύλας
437 802 572 881 ἀνοίξας
590 802 674 869 ἑκὼν
693 803 797 870 αὐτοῦ
816 803 947 884 δέξεται
968 810 1037 892 τήν
1056 827 1142 895 στρα-

120 909 196 972 τιὰν
214 910 262 984 εἰς
276 906 496 993 Ἱεροσόλυμα.
531 909 620 993 <16>
637 908 729 974 ταῦτ’
750 909 921 993 ἀναγνοὺς
939 925 1143 1001 καταφρονεῖ

121 1013 177 1077 διὰ
203 1012 265 1094 τήν
287 1011 352 1077 ἀπὸ
378 1022 440 1078 τοῦ
467 1020 552 1080 θεοῦ
578 1019 795 1099 πεποίθησιν,
822 1017 881 1092 τὰς
910 1017 941 1083 δ’
971 1019 1141 1095 ἐπιστολὰς
1174 1080 1175 1084 ,

118 1115 243 1195 πτύξας
266 1120 313 1194 εἰς
335 1120 395 1184 τὸν
417 1121 501 1185 ναὸν
524 1123 588 1187 ἔσω
608 1119 777 1187 κατέθετο.
817 1121 922 1187 πάλιν
946 1121 988 1189 δέ
1014 1135 1062 1214 τῷ
1079 1133 1139 1212 θεῷ

120 1224 178 1299 τὰς
202 1223 299 1308 εύχὰς
322 1224 426 1290 αὐτοῦ
447 1226 673 1312 ποιησαμένου
691 1225 766 1313 περὶ
785 1236 844 1311 τῆς
861 1231 996 1307 πόλεως
1015 1231 1073 1297 καί
1090 1240 1139 1314 τῆς
1148 1247 1165 1287 1⁰

121 1329 277 1396 ἁπάντων
295 1336 468 1417 σωτηρίας,
488 1331 625 1411 Ἠσαίας
647 1332 666 1399 ό
684 1336 856 1419 προφήτης
874 1331 1027 1418 ἐπήκοον
1047 1338 1139 1402 αὐτὸν

122 1439 245 1520 ἔφασκε
272 1438 460 1522 γεγονέναι,
491 1436 546 1505 καί
573 1441 657 1505 κατὰ
684 1441 744 1504 τὸν
770 1442 920 1525 παρόντα
950 1445 1078 1529 καιρὸν
1102 1442 1137 1526 μή

120 1545 451 1627 πολιορκηθήσεσθαι
473 1545 540 1611 ὑπὸ
562 1554 622 1611 τοῦ
642 1532 830 1631 Ἀσσυρίου,
855 1555 900 1634 τῷ
925 1543 965 1612 δέ
987 1548 1138 1631 μέλλοντι

120 1646 255 1712 πάντων
282 1647 391 1727 ἀδεεῖς
412 1653 490 1728 τοὺς
512 1648 568 1716 ὑπ’
594 1650 684 1738 αὐτῷ
709 1649 908 1735 γενομένους
936 1657 1137 1740 γεωργήσειν

121 1777 157 1818 τε
179 1749 247 1838 μετ’
274 1756 408 1840 εἰρήνης
432 1752 488 1821 καί
514 1766 582 1821 τών
610 1757 706 1821 ἰδίων
734 1755 993 1841 ἐπιμελήσεσθαι
1022 1759 1138 1844 κτημί-
1148 1775 1164 1816 1⁵

121 1883 188 1926 των
211 1858 312 1927 οὐδὲν
330 1858 571 1946 φοβουμένους.
611 1861 699 1945 <17>
718 1862 834 1945 ὀλίγου
853 1858 890 1926 δὲ
908 1865 1040 1947 χρόνου
1060 1867 1138 1930 διελ-
1180 1945 1181 1950 ¹

121 1969 245 2044 θόντος
267 1965 323 2032 καί
346 1967 364 2034 ὁ
386 1979 455 2033 τών
473 1965 656 2051 Ἀσσυρίων
679 1968 843 2051 βασιλεύς,
866 1969 1065 2054 διαμαρτών
1087 1980 1139 2053 τῆς

123 2070 176 2135 έπί
203 2076 282 2148 τοὺς
308 2074 515 2155 Αἰγυπτίους
541 2071 711 2158 ἐπιβολῆς,
738 2074 902 2159 ἄπρακτος
929 2072 1139 2161 ἀνεχώρησεν

122 2174 172 2238 ἐπ’
203 2182 298 2239 οἰκον
330 2175 373 2240 δι’
405 2180 517 2242 αἰτίαν
548 2180 715 2260 τοιαύτην.
764 2181 867 2254 πολὺς
899 2179 990 2266 αὐτῷ
1020 2186 1139 2266 χρόνος

123 2281 304 2367 διετρίβετο
331 2285 414 2367 πρὸς
440 2285 502 2365 τήν
529 2293 589 2348 τοῦ
616 2291 812 2367 Πηλουσίου
838 2290 1054 2370 πολιορκίαν,
1087 2285 1167 2352 καίν

121 2397 188 2451 τῶν
210 2386 370 2470 χωμοίτων
392 2389 456 2471 ήδη
479 2389 652 2475 μετεώρων
679 2392 802 2476 όντων,
830 2392 850 2456 δ
873 2394 956 2475 πρὸς
981 2405 1054 2469 τοῖς
1077 2396 1138 2458 τεί-

121 2509 214 2578 χεσιν
232 2494 353 2580 ήγειρε,
375 2493 430 2560 καί
450 2496 529 2562 ὅσον
548 2496 640 2561 ούπω
659 2495 838 2582 μέλλοντος
858 2501 1064 2582 προσβαλεῖν
1083 2499 1138 2562 αύ-

121 2612 202 2686 τοίς,
223 2601 335 2668 ἀκούει
353 2603 413 2669 τὸν
432 2614 499 2670 τών
517 2605 695 2670 Αἰθιόπων
714 2601 850 2688 βασιλέα
871 2606 1042 2687 Θαρσίκην
1060 2611 1137 2670 πολ-

122 2709 185 2792 λὴν
213 2710 336 2792 ἄγοντα
364 2711 509 2795 δύναμιν
541 2708 594 2776 ἐπί
626 2713 812 2795 συμμαχίαν
841 2720 912 2784 τοῖς
939 2710 1138 2790 Αἰγυπτίοις

121 2815 230 2897 ήκειν,
263 2816 464 2897 διεγνωκότα
495 2817 699 2897 ποιήσασθαι
730 2815 790 2898 τήν
821 2816 962 2899 πορείαν
994 2813 1051 2878 διὰ
1081 2824 1169 2898 τήςσ

123 2918 248 3004 ε’ρήμου
270 2918 324 2984 καί
349 2919 506 3003 ἐξαίφνης
529 2923 577 2995 εἰς
599 2921 661 3003 τήν
682 2932 750 2986 τών
764 2917 949 3003 Ἀσσυρίων
973 2918 1137 3003 ἐμβαλεῖν.

121 3024 209 3108 <18>
232 3022 410 3110 ταραχθεὶς
433 3020 494 3089 οὖν
512 3025 576 3089 ὑπὸ
595 3026 723 3090 τούτων
743 3025 760 3090 ὁ
780 3028 935 3108 βασιλεὺς
954 3029 1137 3111 Σεναχήρι-

121 3134 181 3212 βος
200 3133 375 3216 ἄπρακτος,
398 3130 443 3206 ώς
461 3131 557 3212 έφην,
580 3129 776 3215 ἀνεχώρησε,
799 3133 989 3196 καταλιπὼν
1011 3135 1048 3197 τὸ
1069 3138 1138 3214 Πη-

121 3238 268 3301 λούσιον.

188 3339 264 3426 περὶ
287 3344 408 3408 τούτου
431 3349 491 3406 τοῦ
509 3345 741 3426 Σεναχηρίβου
763 3337 818 3405 καί
835 3338 1015 3428 Ἡρόδοτος
1039 3343 1076 3408 ἐν
1098 3353 1135 3428 τῇ
1149 3357 1171 3397 ³⁰

194 3460 630 3531 §15=4Reg.X1X10÷10⁶
818 3466 826 3472 '
