2400 3840
116 141 182 206 110
476 139 751 193 ωωοεουωε

116 302 322 381 ἐξελθόντων
344 299 400 367 καί
423 298 704 388 παραταξαμένων
726 301 787 385 ούχ
810 300 906 384 ὁμοῦ,
929 301 1004 384 διχῇ
1028 297 1069 363 δέ
1085 297 1138 382 (τὸ

116 404 178 493 μέν
200 409 264 494 γάρ
289 406 500 492 ἐπικουρικὸν
527 405 564 473 έν
585 415 632 494 τῷ
659 406 762 494 πεθίφ
790 403 868 470 καθ’
896 406 976 472 αὑτὸ
1001 405 1138 490 έτάχθη,

115 516 154 580 τὸ
184 510 222 579 δὲ
253 525 321 580 τῶν
345 512 552 598 Ἀμμανιτῶν
580 512 765 598 στράτευμα
797 514 881 596 πρὸς
911 520 985 588 ταῖς
1015 514 1137 589 πύλαις

116 620 261 708 ἀντικρὺ
277 631 346 688 τῶν
365 618 529 705 Ἐβραίων
481 616 592 706 ων,ί)
577 619 661 684 ἰδὼν
681 628 779 685 τούτο
800 615 934 703 Ἰώαβος
957 618 1136 703 ἀντιμηχα-

116 736 224 811 νᾶται,
246 727 355 811 <124>
372 724 428 790 καλ
450 728 530 802 τούς
549 722 611 809 μὲν
629 724 885 811 ἀνδρειοτάτους
904 723 1162 808 έπιλεξάμενοςῠ

82 846 84 851 “
116 832 430 919 άντιπαρατάττεται
453 841 498 920 τῷ
521 833 624 920 Σύρφ
646 829 702 897 καλ
724 844 795 908 τοϊς
817 829 887 916 μετ’
913 830 1018 895 αὐτοῦ
1041 835 1135 915 βασι-

117 944 225 1023 λεῦσι,
252 941 290 1005 τὸ
319 936 350 1004 θ’
375 939 456 1004 άλλο
484 939 656 1024 παραδοὺς
675 935 854 1026 Ἀβεσσαίῳ
882 936 1036 1024 τάδελφῷ
1064 947 1136 1013 τοίς

114 1043 326 1129 Ἀμμανίταις
358 1042 529 1110 ἐκέλευσεν
560 1042 904 1130 ἀντιπαρατάξασθαι,
941 1045 1059 1125 εἰπάν,
1093 1043 1135 1108 άν

115 1152 195 1227 τοὺς
217 1152 353 1238 Σύρους
376 1152 432 1235 ίθη
454 1148 669 1235 βιαζομένους
697 1148 801 1216 αύτὸν
822 1148 878 1215 καλ
906 1147 1009 1215 πλέον
1033 1150 1134 1214 θυνα-

116 1254 252 1342 μένους,
280 1261 506 1342 μεταγαγόντα
532 1256 595 1340 τὴν
623 1257 779 1341 φάλαγγα
801 1260 943 1341 βοηθεῖν
967 1253 1068 1343 αύτῷ·
1097 1256 1134 1320 τὸ
1149 1272 1174 1312 1⁰

117 1361 148 1427 θ’
169 1361 250 1430 αύτὸ
272 1373 372 1430 τούτο
395 1364 548 1447 ποιήσειν
564 1360 620 1428 καί
644 1360 754 1447 αύτός,
777 1361 820 1428 ἂν
839 1364 904 1428 ὑπὸ
927 1374 996 1427 τῶν
1015 1359 1135 1446 Ἀμμα-

21 1497 26 1501 ’
115 1479 219 1535 νικῶν
247 1468 350 1536 αύτὸν
376 1471 670 1577 καταπονούμενον
697 1469 868 1554 θεάσηται.
918 1469 1028 1551 <125>
1054 1489 1136 1554 προ-

115 1575 321 1660 τρεψάμενος
338 1570 401 1641 οὖν
418 1548 490 1641 τὸν
496 1574 645 1658 ἀδελφὸν
660 1572 716 1641 καλ
733 1572 963 1662 παρακαλέσας
982 1570 1135 1656 εύψύχως

116 1678 171 1746 καί
198 1683 279 1767 μετὰ
306 1685 498 1767 προθυμίας
525 1680 689 1770 άνθράσιν
719 1706 740 1747 α
741 1683 881 1765 ίσχύνην
909 1677 1136 1764 φοβουμένοις

116 1789 307 1874 πρεπούσης
328 1788 570 1873 ἀγωνίσασθαι,
593 1790 653 1854 τὸν
675 1785 737 1873 μὲν
759 1787 904 1853 ἀπέλυσε
924 1797 996 1862 τοις
1015 1783 1136 1870 Ἀμμα-
1150 1803 1173 1844 ιι

116 1898 224 1973 νίταις
246 1897 492 1981 μαχησόμενον,
522 1892 622 1972 αὐτὸς
651 1890 689 1959 θλ
714 1904 785 1970 τοῖς
808 1895 936 1980 Σύροις
963 1890 1137 1975 συνέβαλε.
1166 1933 1169 1939 1

116 2001 226 2086 <126>
253 2000 309 2067 καλ
336 2004 419 2087 πρὸς
447 2002 563 2083 ὀλίγον
590 1999 816 2084 ἀντισχόντων
842 1996 932 2087 αύτῷ
959 2008 1136 2082 καρτερῶς,

116 2109 261 2183 πολλοὺς
292 2104 354 2191 μὲν
387 2105 498 2172 αὐτῶν
526 2105 717 2173 ἀπέκτεινεν
742 2103 888 2188 Ἰώαβος,
921 2105 1069 2180 ἅπαντας
1101 2100 1133 2167 θ’

116 2211 303 2293 ἠνάγκασεν
326 2215 373 2287 είς
396 2213 509 2295 φυγὴν
529 2220 703 2298 τραπῆναι.
743 2209 834 2276 τοῦτ’
856 2212 985 2287 ίθόντες
1008 2211 1043 2275 οί
1061 2207 1135 2293 Ἀμ-

117 2323 265 2399 μανίται,
297 2314 353 2380 καὶ
386 2316 555 2393 δείσαντες
586 2318 647 2382 τὸν
671 2314 864 2400 Ἀβεσσαίου
891 2315 946 2382 καὶ
974 2317 1035 2399 τὴν
1063 2313 1132 2400 μετ’
1150 2336 1176 2376 ιο

117 2419 221 2486 αὐτοῦ
235 2422 417 2508 στρατιάν,
441 2420 502 2488 ούκ
525 2425 674 2507 ἔμειναν,
701 2423 785 2489 άλλά
812 2424 1033 2507 μιμησάμενοι
1056 2425 1136 2499 τοὺς

117 2527 310 2614 συμμάχους
332 2531 380 2606 είς
401 2530 464 2613 την
485 2533 585 2596 πόλιν
608 2532 745 2616 ἔφυγον.
790 2532 955 2617 κρατήσας
982 2524 1044 2594 οὖν
1067 2540 1135 2595 τῶν

116 2639 284 2720 πολεμίων
308 2637 326 2703 ὁ
347 2634 480 2722 Ἰώαβος
502 2640 550 2715 είς
569 2635 781 2725 Ἰεροσόλυμα
808 2639 891 2723 πρὸς
914 2639 974 2702 τὸν
996 2633 1135 2721 βασιλέα

116 2748 273 2830 λαμπρῶς
295 2742 487 2829 ὑπέστρεψε.

80 2867 96 2915 3
184 2850 294 2933 <127>
317 2860 416 2916 τοῦτο
434 2853 472 2917 τὸ
491 2863 635 2935 πταῖσμα
653 2854 732 2928 τοὺς
751 2848 950 2935 Ἀμμανίτας
968 2850 1029 2915 ούκ
1048 2852 1134 2916 ἔπει·
1149 2867 1175 2908 εσ

117 2972 175 3022 σεν
197 2954 343 3041 ἠρεμεῖν,
367 2953 447 3021 ούθὲ
469 2959 641 3040 μαθόντας
667 2960 745 3035 τοὺς
771 2959 962 3043 κρείττονας
991 2955 1135 3041 ἡσυχίαν

115 3063 224 3145 άγειν,
251 3060 335 3126 ἀλλά
357 3060 545 3145 πέμψαντες
566 3064 650 3149 πρὸς
672 3063 833 3148 Χαλαμὰν
856 3064 916 3129 τὸν
937 3073 1006 3128 τῶν
1028 3061 1135 3149 πέραν

116 3168 299 3255 Εὐφράτου
315 3169 441 3253 Σύρων
454 3166 602 3252 βασιλέα,
623 3175 825 3254 μισθοῦνται
844 3177 964 3235 τούτου
979 3168 1032 3235 έπλ
1052 3187 1134 3254 συμ-

115 3279 231 3363 μαχία,
259 3278 375 3361 ἔχοντα
398 3270 460 3359 μὲν
482 3274 745 3361 ἀρχιστράτηγον
768 3275 938 3360 Σάβεκον,
965 3278 1072 3354 πεζῶν
1096 3273 1134 3341 θλ

115 3382 279 3467 μυριάδας
302 3382 386 3448 ὀκτὼ
413 3378 468 3446 καί
497 3381 624 3447 ἱππέων
647 3385 797 3468 μυρίους.
842 3381 950 3465 <128>
974 3385 1076 3465 γνούς
1099 3380 1130 3446 θ’
1147 3400 1175 3440 30

186 3508 268 3569 §124
287 3530 320 3549 =
341 3504 440 3574 κλέος.
459 3503 529 3571 Χ9;
551 3512 563 3561 1
583 3503 675 3561 Paral.
694 3503 759 3560 XIX
775 3510 816 3561 10.
