2400 3840
133 126 201 190 236
504 126 780 178 εεαωοαονιεε

134 291 188 369 ε”τη
213 288 352 369 δώδεκα,
374 288 503 352 τούτων
525 288 566 352 τά
588 282 651 370 μὲν
672 285 707 365 ἓξ
731 284 769 366 έν,
788 291 909 374 Θαρσῇ
933 294 1050 376 πόλει,
1074 295 1116 358 τά
1138 290 1168 359 δὲ

133 396 233 459 λοιπά
266 393 303 459 ἐν
330 398 524 480 Σεμαρεῶνι
556 391 718 478 λεγομένῃ
744 395 856 477 πόλει,
889 396 963 462 ὑπὸ
998 397 1033 462 δ’
1061 396 1169 482 Ἑλλή

134 524 204 565 νων
222 502 396 585 Σαμαρείᾳ
418 497 615 583 καλουμένη.
651 502 905 584 προσηγόρευσε
925 500 960 566 δ’
983 504 1098 588 αὐτήν
1117 507 1169 571 αὐ-

134 607 190 683 τὸς
213 610 416 691 Σεμαρεῶνα
440 604 503 671 ἀπὸ
531 614 591 670 τοῦ
618 607 656 670 τὸ
680 607 758 692 ὅρος
781 604 1048 704 ἀποδεδομένον
1073 612 1169 700 αὐτῷ,

135 709 188 796 ἐφ’
219 706 245 799 β
272 712 489 777 κατεσκεύασε
515 711 577 794 τήν
603 713 718 795 πόλιν,
746 712 916 799 Σεμάρου.
968 716 1096 800 <313>
1125 721 1187 784 δι-ε

136 817 233 904 έῳερε
260 816 290 881 δ’
317 816 432 883 οὐδενὶ
454 829 522 883 τῶν
543 820 609 903 πρὸ
637 818 741 884 αὐτοῦ
769 821 1057 917 βασιλενσάντων
1083 824 1105 908 ή
1127 835 1168 914 τᾳῖ

135 927 258 1009 χείρων
285 923 396 988 αὐτῶν
424 919 523 988 εἶναι·
554 925 696 1002 ἅπαντες
722 926 786 1011 γὰρ
814 923 958 1008 ἐζήτουν
986 940 1064 1007 πῶς
1093 931 1169 997 ἀπο·

136 1031 301 1110 στήσωσιν
329 1026 393 1093 ἀπὸ
420 1038 480 1094 τοῦ
507 1036 594 1095 θεοῦ
619 1031 680 1095 τὸν
712 1031 795 1095 λαὸν
821 1041 894 1107 τοῖς
919 1033 1009 1098 καθ’
1041 1015 1191 1123 ἡμέραν

135 1134 333 1217 ἀσεβήμασι,
360 1132 416 1198 καὶ
439 1135 496 1199 διά
518 1144 617 1201 τοῦτο
640 1132 686 1199 δι’
712 1135 866 1219 ἀλλήλων
889 1137 1022 1218 αὐτοὺς
1047 1143 1067 1208 6
1091 1145 1167 1220 θεὸς

136 1239 290 1321 ἐποίησεν
327 1239 441 1306 ἐλθεῖν
476 1239 532 1306 καὶ
564 1239 691 1325 μηδένα
722 1240 935 1324 τοῦγένους
975 1247 1165 1314 ὑπολιπεῖν.
1176 1275 1195 1316 ω

136 1346 325 1430 ἐτελεύτησε
352 1346 390 1413 δέ
416 1346 472 1413 καὶ
500 1342 598 1424 οὗτος
625 1346 662 1413 ἐν
689 1352 874 1435 Σαμαρείᾳ·
907 1350 1110 1438 διαδέχεται
1136 1352 1164 1419 δ’

136 1453 240 1519 αὐτὸν
264 1455 281 1520 6
304 1466 383 1532 παῖς
396 1453 547 1539 ’Ἄχαβος

101 1579 116 1625 ο
204 1561 321 1642 <314>
345 1567 468 1644 μαθεῖν
496 1557 528 1625 δ’
554 1562 645 1625 ἔστιν
672 1558 708 1625 ἐκ
734 1562 864 1626 τούτων
892 1562 979 1646 ὅσην
1003 1569 1045 1632 τὸ
1069 1574 1166 1634 θεῖον

136 1661 341 1747 ἐπιστροφήν
360 1665 425 1748 ἔχει
446 1675 514 1730 τῶν
533 1663 760 1750 ἀνθρωπίνων
777 1668 994 1753 πραγμάτων,
1019 1671 1080 1738 καὶ
1099 1685 1166 1751 πῶς

136 1765 197 1853 μέν
220 1768 330 1858 ἀγαπᾷ
348 1772 427 1847 τοὺς
445 1769 605 1854 ἀγαθούς,
628 1781 719 1854 μισεῖ
738 1769 776 1836 δέ
793 1775 872 1848 τοὺς
889 1780 1094 1860 μοχθηροὺς
1112 1777 1164 1844 καὶ
1175 1802 1195 1844 ιε

70 1946 77 1954 ,s
136 1880 334 1963 προρρίζους
361 1876 554 1943 ἀπόλλυσιν.
604 1878 640 1942 oc
664 1873 727 1961 μέν
757 1878 821 1964 γάρ
851 1889 918 1943 τῶν
943 1877 1164 1967 Ἰσραηλιτῶν

137 1986 284 2066 βασιλεῖς
306 1986 406 2061 ἀλλος
429 1981 479 2049 ἐπ’
505 1985 594 2072 ἀλλᾳ
622 1984 679 2048 διά
705 1985 764 2060 τάς
785 1989 997 2070 παρανομίας
1023 1988 1083 2055 καί
1107 1994 1164 2068 τάς

137 2089 267 2167 ἀδικίας
295 2090 332 2155 ἐν
359 2092 460 2178 ὀλίγῳ
488 2093 597 2179 χρόνῳ
625 2088 743 2156 πολλοὶ
774 2101 883 2168 κακῶς
910 2092 1163 2182 διαφθαρέντες

136 2193 318 2281 ᾑρέθησαν,
341 2193 396 2258 καὶ
419 2197 456 2258 τὸ
478 2194 575 2277 γένος
593 2196 717 2261 αὐτῶν·
741 2196 759 2261 6
779 2193 817 2261 δέ
833 2207 902 2262 τῶν
916 2195 1162 2287 Ἱεροσολύμων

136 2298 277 2366 καὶτῶν
296 2300 357 2363 δύο
377 2304 495 2382 φυλῶν
513 2302 669 2382 βασιλεὺς
680 2300 824 2380 ’Ἁσανος
842 2301 887 2368 δι’
909 2304 1088 2389 εὐσέβειαν
1105 2309 1160 2375 καὶ
1171 2332 1193 2374 ιο

137 2405 354 2487 δικαιοσύνην
382 2406 429 2481 είς
456 2405 584 2490 μακρὸν
610 2403 666 2470 καί
694 2407 855 2494 εὔδαιμον
886 2410 952 2475 ὑπὸ
982 2422 1046 2477 τοῦ
1074 2422 1159 2481 θεοῦ

136 2513 290 2598 προήχθη
317 2519 436 2597 γήρας,
462 2509 518 2576 καὶ
540 2512 780 2598 τετταράκοντα
806 2513 862 2579 καὶ
890 2516 928 2581 ἓν
954 2516 1059 2602 ἀρξας
1088 2524 1159 2598 ἔτος

137 2620 300 2707 εὐμοίρως
318 2619 475 2687 ἀπέθανε.
516 2619 626 2705 <315>
648 2621 905 2703 τελευτήσαντος
928 2619 959 2685 δ’
980 2623 1089 2691 αὐτοῦ
1110 2630 1158 2693 δι-

137 2727 269 2808 εδέξατο
289 2730 350 2812 τήν
368 2729 551 2814 ήγεμονίαν
573 2728 591 2794 ὁ
610 2730 684 2805 υίὸς
699 2725 914 2810 Ἰωσαφάτης,
928 2727 974 2817 ,ἐκ
996 2737 1158 2812 γυναικὸς

134 2833 266 2920 Ἀβίδας
280 2838 427 2920 τοῦνομα
440 2833 667 2919 γεγενημένος.
703 2842 823 2899 τοῦτον
841 2835 986 2918 μιμητὴν
999 2842 1157 2906 Δαυίδου
1169 2859 1192 2902 ιε

135 2951 196 3006 τοῦ
215 2942 416 3027 προπάππον
433 2939 558 3005 κατεῖπ’
575 2940 734 3026 ἀνδρείαν
751 2938 807 3005 καὶ
821 2938 994 3024 εὐσέβειαν
1012 2945 1157 3024 ἀπαντες

137 3046 174 3112 ἐν
196 3059 266 3124 τοῖς
290 3049 400 3132 ἔργοις
422 3044 599 3129 ὑπέλαβον.

203 3153 286 3218 ἀλλά
318 3152 357 3216 τά
386 3147 462 3235 περὶ
489 3146 551 3234 μὲν
578 3151 699 3216 τούτου
729 3162 790 3217 τοῦ
822 3151 984 3236 βασιλέως
1015 3156 1058 3220 οὐ
1090 3168 1157 3223 νῦν

85 3259 319 3341 13κατεπείγει
342 3255 464 3338 λέγειν·
488 3256 597 3341 <316>
622 3257 639 3322 6
663 3255 695 3321 δ’
711 3256 854 3343 ’Ἄχαβος
875 3261 892 3326 6
911 3271 979 3325 τῶν
994 3259 1156 3348 Ἰσραηλι-

135 3373 203 3428 τῶν
227 3366 381 3448 βασιλεὺς
402 3360 541 3450 κατῴκει
564 3359 626 3448 μὲν
649 3361 686 3428 έν
708 3368 892 3452 Σαμαρείᾳ,
915 3367 977 3448 τήν
995 3366 1026 3431 δ’
1048 3369 1193 3455 ἀρχὴνεο

208 3491 290 3551 §313
310 3513 343 3532 =
363 3485 462 3553 3Reg.
476 3484 540 3540 XVI
554 3493 597 3542 26.
669 3491 752 3553 §314
771 3488 946 3543 =2ParaL
961 3488 1026 3544 XVI
1043 3497 1084 3547 13.

449 3745 571 3769 Δ
