2400 3840
528 132 627 183 EKTH
1043 130 1084 193 27

61 293 217 377 ρουχίας,
243 292 261 357 ό
284 301 343 357 τοῦ
369 293 525 357 Σαούλου
548 304 626 369 παῖς
649 292 710 357 οὐκ
734 291 922 374 ἐπακηκοὼς
944 303 1003 376 τῆς
1025 303 1085 358 τοῦ

60 399 190 484 πατρὸς
217 397 299 483 ἀρᾶς
326 395 405 463 οὐδὲ
432 407 490 482 τῆς
518 396 567 464 ἐπ’
594 399 676 483 αὐτῇ
703 408 765 463 τοῦ
792 399 945 481 πλήθους
968 400 1085 483 ὁμολο-

62 508 149 587 γίας,
172 503 365 582 ἀποθλίψας
387 527 419 570 τι
441 508 559 591 κηρίον
581 515 643 570 τοῦ
666 503 797 589 μέλιτος
820 506 928 587 ἤσθιε.
975 507 1084 588 <119>

60 610 185 694 μεταξὺ
209 607 246 675 ἀὲ
269 615 372 694 γνοὺς
395 612 446 677 ότι
469 614 549 696 μετὰ
569 613 682 696 δεινῆς
704 611 786 697 ἀρᾶς
805 612 822 678 ὁ
841 612 949 696 πατὴρ
968 611 1085 676 ἀπεῖπε

30 716 108 800 εμὴ
139 718 328 797 γεύσασθαί
357 742 433 783 τινα
464 720 528 804 πρὸ
556 717 654 800 ἡλίου
682 719 833 802 δυσμῶν,
866 718 992 784 έσθίων
1024 714 1085 801 μὲν

59 821 245 907 ἐπαύσατο,
273 826 336 908 ἔφη
360 822 393 906 df.
418 825 479 890 οὐκ
506 825 619 910 ὀρθῶς
646 834 744 890 τοῦτο
772 830 918 890 κωλῦσαι
941 826 1001 890 τὸν
1023 847 1084 889 πα-

58 927 155 1014 τέρα·
179 932 260 1014 μετά
278 934 427 1016 μείζονος
445 933 508 1017 νάρ
528 933 642 1016 ίσχύος
660 930 703 996 ἀν
720 929 775 995 καὶ
795 935 987 1017 προθυμίας
1006 932 1084 995 διώ-

58 1058 198 1119 κοντας,
221 1038 253 1101 εί
273 1047 401 1122 τροφῆς
424 1038 686 1122 μετελάμβανον,
715 1043 826 1125 πολλςό
849 1042 1006 1114 πλείονας
1028 1036 1083 1102 καὶ

61 1146 180 1225 λαβεῖν
202 1154 271 1208 τῶν
295 1142 428 1230 ἐχθρῶν
450 1142 505 1209 καὶ
529 1153 702 1229 φονεῦσαι.

22 1275 47 1314 ιο
130 1250 242 1333 <120>
264 1252 389 1326 πολλάς
418 1249 449 1315 δ’
475 1245 537 1315 οὖν
560 1253 804 1328 κατακόψαντες
829 1250 993 1336 μυριάδας
1015 1260 1083 1314 τῶν
1102 1269 1119 1315 4

62 1360 315 1440 Παλαιστινῶν,
344 1358 456 1440 δείλης
483 1357 582 1435 ὀψίας
610 1355 663 1422 ἐπὶ
692 1357 879 1443 διαρπαγὴν
902 1365 962 1421 τοῦ
986 1372 1083 1439 στρα-

60 1461 207 1527 τοπέδου
224 1473 293 1527 τῶν
311 1468 549 1528 Παλαιστινῶν
566 1461 754 1548 τρέπονται,
772 1461 827 1527 καὶ
846 1467 940 1528 λείαν
956 1463 1083 1545 πολλὴν

61 1567 116 1633 καὶ
156 1570 346 1653 βοσκήματα
383 1572 541 1653 λαβόντες
576 1570 858 1653 κατασφάττουσι,
896 1565 950 1633 καὶ
987 1564 1080 1632 ταῦτ’

62 1677 182 1758 ἔναιμα
209 1677 402 1759 κατήσθιον.
440 1674 679 1757 ἀπαγγέλλεται
712 1671 749 1740 δέ
781 1684 826 1762 τῷ
861 1678 992 1759 βασιλεῖ
1017 1674 1082 1738 ὑπὸ

28 1803 49 1844 ιε
61 1792 130 1845 τῶν
153 1779 373 1866 γραμματέων
397 1782 447 1846 ὅτι
470 1782 508 1846 τὸ
531 1786 662 1864 πλῆθος
685 1783 732 1857 είς
754 1782 814 1845 τὸν
837 1781 921 1844 θεὸν
945 1777 1082 1864 ἐξαμαρ-

61 1888 155 1952 τάνει
177 1893 291 1952 θῦσαν
313 1885 368 1952 καὶ
390 1884 472 1973 πρὶν
494 1885 515 1971 ἢ
538 1889 575 1952 τὸ
595 1879 675 1971 αἷμα
693 1891 802 1962 καλῶς
820 1885 1008 1950 ἀποπλῦναι
1026 1883 1082 1949 καὶ

13 2021 17 2027 ·
61 1995 120 2069 τάς
153 1993 276 2078 σάρκας
307 2002 444 2077 ποιῆσαι
475 1994 627 2079 καθαράς
659 1991 786 2057 ἐσθίον.
840 1991 949 2073 <121>
976 1988 1030 2055 καὶ
1063 1990 1104 2081 όν

62 2100 219 2176 Σάουλος
246 2101 373 2164 κελεύει
402 2105 605 2182 κυλισθῆναι
635 2103 737 2164 λίθον
766 2096 870 2182 μέγαν
899 2099 946 2174 είς
969 2095 1081 2181 μέσον,

23 2313 103 2376 ωτά
125 2309 208 2396 κρέα
230 2312 274 2395 μὴ
298 2314 361 2376 σὺν
384 2320 429 2399 τῷ
453 2312 566 2395 αἵματι
589 2312 785 2377 δαίνυσθαι·
813 2321 911 2376 τοῦτο
935 2312 998 2396 χάρ
1022 2310 1083 2375 οὐκ

62 2414 151 2482 εἶναι
178 2427 224 2505 τῷ
251 2424 321 2506 θεῷ
348 2416 596 2503 κεχαρισμένον.
646 2427 745 2483 τοῦτο
774 2414 811 2482 δὲ
838 2418 973 2483 πάντων
1000 2417 1082 2481 κατά

60 2525 124 2607 τὴν
147 2522 327 2608 πρόσταξιν
350 2533 410 2589 τοῦ
433 2522 593 2608 βασιλέως
615 2524 837 2607 ποιησόντων,
862 2525 993 2605 ἵστησιν
1017 2521 1085 2586 ἐκεῖ

61 2631 179 2715 βωμὸν
207 2629 224 2696 ὁ
252 2630 407 2708 Σάουλος
432 2628 487 2695 καὶ
516 2630 753 2696 ὡλοκαύτωσεν
784 2627 877 2708 [ἐκεῖ]
903 2625 953 2692 ἐπ’
979 2626 1082 2690 αὐτοῦ

60 2745 108 2825 τῷ
131 2743 212 2825 θεῷ.
257 2746 377 2802 τοῦτον
399 2747 532 2822 πρῶτον
556 2736 670 2820 βωμὸν
692 2735 939 2799 κατεσκεύασεν.

21 2861 48 2902 ιι
131 2841 242 2926 <122>
266 2843 361 2925 ἀχειν
384 2840 415 2906 δ’
442 2843 546 2919 εὐθὺς
568 2842 630 2925 τὴν
653 2841 811 2926 στρατιάν
835 2837 887 2904 ἐπὶ
911 2840 972 2924 τὴν
1000 2858 1117 2924 παρ-5

62 2950 212 3034 εμβολὴν
242 2961 311 3014 τῶν
343 2952 511 3034 πολεμίων
549 2947 602 3014 ἐπὶ
634 2948 696 3032 τὴν
728 2948 916 3033 διαρπαγὴν
945 2944 1018 3035 τῶν;
1047 2946 1083 3011 έν

61 3056 146 3140 αὐτῇ
166 3057 371 3138 βουλόμενος
388 3052 470 3140 πρὶν
487 3052 620 3140 ἡμέρας,
638 3051 694 3119 καὶ
712 3064 780 3118 τῶν
794 3065 1004 3139 στρατιωτῶν
1022 3052 1084 3116 οὐκ

61 3162 257 3226 ὀκνούντων
280 3159 436 3243 ἕπεσθαι,
463 3160 591 3243 πολλὴν
614 3157 645 3224 θ’
672 3162 720 3236 είς
742 3158 763 3223 ἀ
785 3159 979 3245 προστάττει
1003 3178 1083 3242 προ-

62 3268 196 3351 θυμίαν
219 3265 497 3349 ἐνδεικνυμένων,
524 3264 664 3342 καλέσας
687 3266 704 3331 ὁ
732 3266 887 3349 βασιλεὺς
906 3262 1084 3348 Ἀχίτωβον

17 3392 47 3433 το
60 3375 124 3439 τὸν
153 3370 322 3458 ἀρχιερέα,
354 3370 526 3436 ἐκέλευσεν
553 3371 656 3436 αὐτὸν
684 3381 810 3452 γνῶναι
840 3371 871 3433 εί
898 3370 1037 3434 δίδωσιν
1066 3370 1083 3435 ὁ

18 3563 26 3569 ⁷
136 3492 533 3561 μωειωςωιω
