2400 3840
112 150 180 216 2⁶2
409 150 434 207 .’
480 148 759 204 ΔΡΧΔΙΟΔΟΠΔΣ

112 320 256 397 θαρρεῖν
284 310 435 379 ἐκέλευσε
460 309 517 378 καὶ
543 307 649 397 μηδδν
673 321 745 377 τῶν
772 308 921 378 ἀτόπων
948 311 1138 398 προσδοκᾶν.
1168 358 1171 361 .

103 417 248 496 ’Ἄδαδος
271 416 302 483 δ’
323 418 515 503 ηύχαρίστει
535 414 592 483 καί
613 413 692 503 παρ’
714 416 801 483 δλον
823 417 890 483 τὸν
913 426 981 484 τοῦ
999 421 1058 502 ζῆν
1073 418 1142 503 χρή
1168 405 1171 463 Ϊ

113 549 176 592 νον
193 523 503 610 ἀπομνημονεύσειν
520 532 580 609 τῆς
597 523 790 610 εὐεργεσίας
808 523 1001 609 ὡμολόγει·
1018 521 1074 590 καὶ
1091 525 1141 598 τδς
1171 551 1172 613 j

112 634 226 708 πόλεις
247 641 316 697 τῶν
334 628 562 716 Ἰσραηλιτῶν,
591 629 632 708 ἃς
657 629 855 713 ἀπήνεγκαν
881 631 923 696 οί
948 632 1019 718 πρδ
1046 629 1140 695 αὐτοῦ
1173 629 1174 635 ’

113 740 271 822 βασιλεῖς,
294 735 482 804 ἀποδώσειν
504 734 730 820 ἐπηγγείλατο,
752 733 810 801 καὶ
834 739 1044 822 Δαμασκόν,
1066 737 1168 801 ὥστεν

113 842 302 921 ἐξελαύνειν
329 845 377 920 είς
399 842 506 926 αὐτὴν
526 842 641 919 καθὼς
662 839 718 909 καί
740 841 777 906 οί
795 840 946 929 πατέρες
970 843 1078 909 αὐτοῦ
1099 843 1139 918 είς
1178 850 1183 928 ζ,

114 949 309 1034 Σαμάρειαν
323 943 419 1033 εἶχον
436 957 536 1014 τοῦτο
553 957 674 1032 ποιεῖν,
691 946 841 1030 ἀνήσειν.
872 947 994 1033 <388>
1013 944 1139 1032 γενομέ

113 1078 183 1120 νων
206 1051 237 1118 δ’
258 1054 372 1131 αὐτοῖς
395 1053 506 1139 δρκων
526 1050 583 1119 καί
601 1059 793 1137 συνθηκῶν,
814 1054 930 1120 πολλὰ
951 1053 1138 1140 δωρησάμε-

113 1182 171 1236 νος
194 1158 284 1247 αύτῷ
297 1155 442 1244 ’Ἀχαβος
464 1156 656 1245 ἀπέπεμήεν
679 1160 727 1235 είς
748 1157 819 1240 τήν
834 1158 933 1225 ίδίαν
958 1163 1137 1244 βασιλείαν.

179 1262 235 1330 καὶ
258 1266 298 1331 τὰ
320 1262 384 1352 μδν
405 1264 481 1352 περὶ
504 1274 564 1351 τής
583 1264 725 1331 Ἀδάδου
747 1271 808 1329 τοῦ
826 1265 961 1352 Σύρων
980 1264 1137 1351 βασιλέως
1146 1281 1163 1322 1·

114 1376 286 1457 στρατείας
312 1371 366 1440 ἐπὶ
389 1371 537 1458 ’Ἀχαβον
562 1369 617 1437 καλ
644 1373 724 1448 τοὺς
746 1367 956 1454 Ἰσραηλίτας
987 1382 1137 1439 τοιοῦτον

78 1490 93 1538 5
114 1481 187 1564 ἔσχε
210 1481 247 1545 τὸ
270 1479 378 1565 τέλος,
405 1480 514 1565 <389>
538 1479 711 1564 προφήτης
732 1474 773 1542 δέ
792 1499 858 1560 τις,
882 1480 1048 1562 Μιχαίας
1070 1479 1136 1545 τού

113 1607 210 1669 νομα,
228 1587 429 1670 προσελθών
446 1610 514 1652 τινι
532 1596 600 1652 τῶν
616 1582 828 1668 Ἰσραηλιτῶν
842 1580 1026 1652 ἐκέλευσεν
1040 1587 1136 1654 αὐτὸν

113 1691 160 1767 είς
191 1691 254 1773 τήν
284 1694 434 1777 κεφαλήν
465 1691 601 1778 πλῆξαι·
637 1699 736 1757 τοῦτο
768 1690 832 1774 γάρ
863 1692 1029 1775 ποιήσειν
1061 1693 1136 1760 κατὰ

113 1797 275 1881 βούλησιν
297 1807 357 1865 τοῦ
380 1806 474 1865 θεοῦ.
519 1807 580 1865 τοῦ
604 1794 641 1864 δδ
663 1799 708 1884 μή
731 1793 946 1882 πεισθέντος,
977 1812 1163 1887 προεῖπενυ

113 1904 202 1994 αὐτῷ
224 1907 472 1995 παρακούσαντι
495 1916 564 1972 τῶν
585 1914 647 1972 τοῦ
669 1911 755 1971 θεοῦ
777 1905 1064 1992 προσταγμάτων,
1089 1903 1136 1972 λε’-

114 2032 185 2076 οντι
208 2015 427 2097 περιτυχόντα
450 2013 755 2098 διαφθαρήσεσθαι.
792 2009 983 2094 συμβάντος
1003 2009 1046 2078 δὲ
1064 2013 1136 2078 τού

112 2139 172 2180 του
204 2117 408 2205 τάνθρώπῳ,
440 2118 613 2200 πρόσεισιν
645 2112 745 2204 ἕτέρφ
773 2111 920 2180 πάλινδ
947 2119 1136 2200 προφήτης,

112 2220 212 2284 ταύτδ
238 2222 460 2304 προστάττων.
505 2221 615 2302 <390>
644 2219 829 2302 πλήξαντος
856 2216 886 2284 δ’
918 2218 1054 2287 ἐκείνου
1082 2220 1135 2287 καὶ

111 2324 322 2408 θραύσαντος
344 2323 448 2388 αὐτοῦ
471 2325 508 2387 τὸ
531 2326 681 2408 κρανίον,
703 2326 972 2410 καταδησάμενος
997 2328 1062 2410 τήν
1084 2345 1166 2394 ate-²⁰

111 2427 223 2514 φαλήν
254 2433 427 2517 προσῆλθε
458 2437 504 2518 τῷ
537 2432 669 2515 βασιλεῖ
699 2432 807 2515 λέγων
834 2431 923 2520 αύτῷ
951 2448 1134 2522 συνεστρα-

111 2541 262 2620 τεῦσθαι,
284 2533 340 2602 καὶ
363 2540 569 2623 παραλαβεῖν
592 2533 643 2602 ἐπὶ
668 2544 802 2624 φυλακῇ
823 2562 900 2604 τινα
921 2550 990 2604 τῶν
1015 2543 1133 2626 αίχμα-

111 2642 226 2709 λάτων
248 2646 338 2734 παρὰ
360 2654 421 2712 τοῦ
443 2643 631 2735 ταξιάρχου,
654 2646 823 2730 φυγόντος
841 2642 873 2709 δ’
893 2644 998 2710 αὐτοῦ
1016 2647 1132 2712 κινδυ

111 2751 223 2816 νεύειν
249 2752 316 2818 ὑπὸ
344 2762 404 2819 τοῦ
431 2753 703 2839 παραδεδωκότος
725 2749 924 2816 ἀποθανεῖν·
953 2749 1131 2836 ἀπειλῆσαι

110 2856 174 2941 γάρ
207 2857 324 2941 αὐτόν,
356 2861 388 2924 εί
418 2859 578 2943 διαφύγοι
610 2858 629 2926 ὁ
660 2858 878 2944 αἰχμάλωτος,
910 2855 1130 2924 ἀποκτείνειν.
1143 2875 1166 2917 π

110 2960 220 3047 <391>
235 2963 366 3028 δίκαιον
384 2959 422 3027 δὲ
440 2966 609 3047 φήσαντος
625 2962 766 3048 Ἀχάβου
784 2965 843 3030 τὸν
861 2963 1013 3029 θάνατον
1032 2959 1131 3047 εἶναι,

111 3067 214 3146 λύσας
241 3068 302 3153 τήν
324 3067 474 3153 κεφαλήν
497 3066 748 3150 ἐπιγινώσκεται
770 3067 827 3135 ὑπ’
852 3070 955 3134 αὐτοῦ
978 3073 1130 3154 Μιχαίας

110 3173 128 3237 ὁ
158 3177 330 3260 προφήτης
356 3174 413 3238 ῶν.
459 3169 612 3256 ἐκέχρητο
641 3168 679 3236 δδ
706 3177 886 3258 σοφίσματι
913 3176 996 3259 πρὸς
1024 3174 1129 3241 αὐτὸν

110 3287 156 3363 τῷ
178 3276 345 3365 γενομένω
368 3278 453 3362 πρὸς
472 3279 550 3353 τοὺς
568 3273 751 3359 μέλλοντας
768 3280 902 3361 λόγους·
925 3281 1036 3366 <392>
1056 3273 1132 3348 εἶπε

109 3381 172 3466 γάρ
201 3383 246 3458 ὡς
269 3384 287 3448 ὁ
310 3384 391 3459 θεὸς
412 3379 528 3467 ἀφέντ’
553 3380 657 3448 αὐτὸν
680 3379 857 3471 διαδρᾶναι
880 3386 942 3468 τὴν
963 3392 1128 3474 τιμωρίαν
1141 3408 1167 3448 ιο

181 3505 263 3567 ςεεε
285 3527 317 3547 =
337 3494 437 3570 τινες.
456 3501 565 3556 xxm.
