2400 3840
92 155 157 220 306
464 154 738 206 ΑΡΧΑιοΛοΓικΣ

91 320 230 383 πλείονα
245 320 368 402 χρόνον
378 315 511 400 ἡμερῶν
526 314 631 396 αὐτήν
644 311 779 397 κατέσχε
793 314 996 399 τριάκοντα.
1022 317 1122 399 <229>

93 425 110 490 ὁ
139 425 202 508 γὰρ
231 423 412 509 στρατηγὸς
434 420 623 505 Μανάημος
649 417 720 485 κατ’
752 418 884 485 ἐκεῖνον
916 425 982 488 τὸν
1011 424 1121 508 καιρὸν
1155 486 1156 500 ,

93 530 141 594 ὠν
160 528 197 594 ἐν
213 533 326 615 Θαρσῇ
345 531 450 611 πόλει,
468 525 524 593 καὶ
542 529 582 592 τά
601 524 676 611 περὶ
694 527 754 592 τὸν
770 529 951 611 Ζαχαρίαν
971 528 1120 609 ἀκούσας,

91 638 174 720 ἀρας
203 637 283 720 μετὰ
313 634 419 719 πάσης
448 643 507 717 τῆς
536 641 691 718 στρατιᾶς
719 627 798 715 ήκεν
829 634 879 708 είς
912 635 1119 720 Σαμάρειαν,

91 741 147 808 καὶ
171 742 350 827 συμβαλὼν
373 742 421 817 είς
443 739 551 824 μάχην
580 738 713 825 ἀναιρεῖ
732 739 792 803 τὸν
816 736 1044 824 Σέλλουμον,
1072 738 1136 805 καλε

92 847 229 933 βασιλέα
251 847 456 928 καταστήσας
483 843 604 911 ἑαυτὸν
633 843 764 909 ἐκεῖθεν
792 845 841 919 είς
866 848 997 922 Θαψὰν
1020 869 1117 933 παρα-

92 957 218 1035 χίνεται
241 955 349 1017 πόλιν.
390 952 498 1032 <230>
521 952 556 1017 οδ
578 948 610 1015 δ’
633 949 669 1015 ἐν
692 948 774 1034 αὐτή
797 950 856 1024 τὰς
877 952 993 1028 πύλας
1012 960 1116 1039 μοχλβ

90 1063 279 1135 κλείσαντες
297 1057 358 1123 οὐκ
378 1055 582 1136 εἰσεδέξαντο
601 1059 661 1124 τὸν
679 1054 828 1141 βασιλέα·
854 1055 872 1120 δ
895 1054 930 1120 δ’
954 1057 1114 1144 ἀμυνόμε-

90 1189 149 1241 νος
167 1164 289 1242 αὐτοὺς
306 1164 368 1247 τήν
386 1162 480 1250 πέριξ
500 1162 601 1249 έδήου
619 1164 741 1248 χώραν,
758 1161 814 1227 καὶ
832 1162 896 1244 τήν
912 1166 1022 1231 πόλιν
1039 1166 1113 1230 κατά

90 1270 210 1356 κράτος
233 1270 393 1355 λαμβάνει
416 1273 606 1357 πολιορκίᾳ,
634 1271 743 1353 (231)
766 1267 881 1353 φέρων
904 1292 942 1334 τε
967 1278 1113 1354 χαλεπῶς
1123 1288 1140 1327 1⁰

92 1376 145 1443 ἐπὶ
168 1389 238 1454 τοῖς
260 1378 325 1442 ὑπὸ
349 1387 417 1442 τῶν
437 1381 618 1454 Θαύιατών
638 1381 816 1460 πραχθεῖσι
839 1375 971 1452 πάντας
995 1377 1112 1452 αὐτοὺς

91 1486 302 1569 διεχρήσατο,
325 1480 408 1568 μηδὲ
430 1485 560 1566 νηπίων
583 1483 794 1566 φειδόμενος,
820 1480 995 1564 ὠμότητος
1018 1485 1111 1568 ὑπερ-

90 1590 195 1674 βολήν
217 1588 258 1653 οὐ
280 1589 471 1653 καταλιπὼν
494 1585 567 1653 οὐδ’
589 1585 794 1673 ἀγριότητος·
819 1585 923 1671 ἀχάρ
944 1585 1031 1653 οὐδὲ
1049 1601 1112 1654 τῶν

91 1696 292 1779 ἀλλοφύλων
327 1696 421 1772 τινάς
437 1695 668 1777 ’συγγνωστὸν
700 1695 870 1758 διαθεῖναι
907 1693 1112 1777 γενομένους

90 1802 316 1888 ὑποχειρίους,
345 1811 448 1867 ταῦτα
475 1804 553 1877 τοὺς
580 1801 772 1885 ὁμοφύλους
798 1793 896 1874 οὗτος
924 1801 1111 1883 εἰργάσατο.
1124 1817 1142 1858 ιι

91 1910 209 1994 <232>
233 1908 432 1993 βασιλεύσας
459 1902 521 1972 οὖν
548 1915 594 1993 τῷ
617 1908 727 1992 τρόπφ
750 1904 856 1991 τούτῳ
880 1903 897 1968 δ
921 1907 1114 1991 Μανάημος

91 2012 141 2080 ἐπ’
159 2017 214 2096 ἔτη
233 2010 294 2098 μὲν
309 2010 388 2078 δέκα
403 2015 515 2090 σκαιὸς
532 2011 588 2077 καὶ
606 2012 741 2077 πάντων
759 2011 925 2094 ὠμότατος
944 2009 1114 2096 διέμεινεν

90 2121 152 2200 ὠν,
181 2120 440 2203 στρατεύσαντος
468 2116 499 2183 δ’
526 2115 577 2183 ἐπ’
603 2118 705 2183 αὐτὸν
731 2118 886 2182 Φούλλου
913 2125 974 2181 τοῦ
997 2114 1114 2184 Ἀσσυ-

90 2226 172 2307 ρίαν
186 2221 347 2304 βασιλέως
361 2226 409 2298 είς
422 2220 484 2305 μὲν
498 2223 611 2303 ἀγῶνα
624 2220 679 2287 καὶ
694 2224 802 2307 μάχην
817 2223 877 2288 οὐκ
892 2221 1024 2310 ἀπαντᾷ
1044 2238 1114 2301 τοῖς

86 2326 282 2410 Ἀσσυρίοις,
305 2329 421 2403 πείσας
443 2324 480 2391 δέ
503 2330 593 2411 χίλια
615 2328 760 2393 τάλαντα
783 2330 946 2415 ἀργυρίου
970 2329 1109 2413 λαβόντ’
1127 2349 1149 2388 2⁰

89 2433 301 2519 ἀναχωρῆσαι
325 2433 493 2499 διαλύεται
515 2433 576 2497 τὸν
598 2436 754 2518 πόλεμον.
799 2436 908 2516 <233>
933 2434 972 2497 τὸ
996 2432 1037 2499 δὲ
1060 2460 1112 2501 κε-

89 2540 235 2624 φάλαιον
257 2549 356 2606 τοῦτο
385 2541 566 2624 συνήνεγκε
593 2542 631 2606 τὸ
654 2545 784 2624 πλῆθος
806 2541 999 2627 Μαναήμῳ,
1027 2564 1112 2625 πρα-

89 2644 174 2732 χθέν
196 2649 278 2714 κατδι
305 2649 454 2733 κεφαλήν
481 2649 628 2736 δραχμάς
654 2649 867 2730 πεντήκοντα.
913 2649 1113 2729 τελευτήσας

90 2752 126 2820 δέ
150 2757 230 2839 μετά
253 2765 356 2821 ταῦτα
378 2756 551 2838 κηδεύεται
574 2752 635 2839 μέν
659 2753 695 2819 έν
713 2755 895 2839 Σαμαρείᾳ,
918 2756 1111 2818 καταλείπει

87 2858 126 2925 δέ
148 2871 207 2945 τής
225 2865 394 2945 βασιλείας
412 2863 471 2926 τὸν
489 2861 567 2926 υίδν
588 2858 720 2925 Φακέαν
741 2858 910 2941 διάδοχον,
933 2857 971 2934 δς
988 2867 1028 2942 τῇ
1048 2869 1110 2923 τοῦ
1124 2877 1147 2918 α

87 2969 211 3051 πατρὸς
240 2968 533 3047 κατακολουθήσας
565 2966 708 3049 ὠμότητι
741 2961 839 3029 δυσὶν
873 2966 957 3028 ἔτεσι
991 2967 1110 3047 μόνοις

88 3066 195 3155 ήρξεν.
237 3072 346 3153 <234>
370 3073 479 3135 ἔπειτα
503 3068 748 3153 δολοφονηθεὶς
771 3069 808 3135 έν
832 3071 1004 3158 συμποσίῳ
1028 3073 1109 3154 μετὰ

88 3180 198 3258 φίλων
222 3173 384 3255 ἀπέθανε,
409 3171 540 3239 Φακέου
565 3178 670 3259 τινός,
698 3176 735 3253 ὃς
757 3171 800 3260 ήν
822 3181 1006 3261 χιλίαρχος,
1037 3175 1105 3241 ἐπι-

86 3283 330 3364 βουλεύσαντος
352 3277 451 3365 αύτιβ,
474 3282 594 3357 παιδὸς
612 3278 649 3346 δὲ
663 3280 840 3366 Ῥομελίου.
877 3282 1050 3364 κατασχὼν
1069 3279 1107 3346 δὲ

84 3385 141 3451 καὶ
169 3382 266 3463 οὗτος
292 3386 309 3451 δ
335 3382 463 3461 Φακέας
490 3387 551 3468 τήν
574 3386 680 3474 ἀρχήν
703 3389 810 3452 ἔτεσιν
833 3393 958 3453 είκοσιν
982 3387 1103 3471 ἀσεβής
1118 3405 1143 3445 ³⁰

158 3512 239 3572 §229
260 3532 292 3550 =
313 3504 362 3558 4p
