2400 3840
526 138 624 188 EKTH
820 120 828 136 ⁴
1042 134 1085 200 55

62 299 232 381 Δαυίδης,
261 298 321 362 οὐκ
349 300 396 374 εἰς
422 299 482 362 τὸν
509 299 651 380 τυχόντα
678 299 831 381 θόρυβον
858 296 912 361 καὶ
938 297 1085 383 ταραχήν

62 401 230 486 ἐνέπεσεν,
254 400 326 468 ἀλλ’
347 403 445 479 είδὼς
467 403 504 467 τὸ
528 404 684 487 φρόνημα
706 401 848 487 τάνδρὸς
871 401 926 466 καὶ
946 405 1008 488 τήν
1032 404 1084 468 εύ-

61 512 206 592 τολμίαν
229 504 329 574 οὐδὲν
352 507 386 586 ἐξ
407 507 511 573 αὐτοῦ
534 510 654 594 μικρὸν
677 508 861 586 ἀνακύψειν
889 511 999 593 ἔργον,
1022 507 1081 592 ὑφ’

61 609 104 680 οὗ
123 616 329 680 κλαύσεσθαι
347 615 479 691 πάντως
497 612 552 679 καὶ
570 615 740 697 πονήσειν,
763 614 935 698 ὑπενόησε.
973 616 1083 698 <251>

31 719 119 786 εκαὶ
140 718 345 804 συγκαλέσας
362 723 441 798 τοὺς
459 723 581 805 φίλους
598 718 653 785 καὶ
671 724 750 798 τοῦς
767 720 932 806 ἡγεμόνας
949 719 1004 785 καὶ
1022 722 1084 805 τήν

61 828 178 911 φυλήν
201 827 234 905 έξ
257 822 297 912 ής
320 828 419 904 αὐτὸς
441 822 484 910 ήν
507 829 590 912 πρὸς
613 828 716 894 αὑτὸν
739 826 792 893 ἐπὶ
815 829 874 893 τὸν
893 829 1019 912 βουνὸν
1043 822 1083 891 οὗ

61 936 100 1000 τὸ
125 936 296 1017 βασίλειον
319 929 395 1018 εἶχε,
418 933 473 998 καὶ
497 937 640 1011 καθίσας
663 933 713 999 ἐπ’
733 933 892 1020 Ἀρούρης
915 931 1030 1021 (τόπος
1049 931 1079 997 δ’

60 1035 106 1124 ἦν
129 1062 180 1116 τις
202 1040 289 1105 οὕτω
312 1038 671 1128 προσαγορευόμενος),
696 1050 792 1125 τιμής
814 1047 985 1125 πολιτικῆς
1007 1038 1082 1125 περὶ

62 1145 167 1210 αὐτὸν
194 1145 296 1227 ούσης
323 1144 378 1210 καὶ
410 1145 531 1224 τάξεως
557 1157 626 1211 τῶν
656 1146 962 1230 σωματοφυλάκων,
994 1145 1083 1229 λέγει

19 1271 48 1310 ιο
61 1252 146 1336 πρὸς
169 1236 291 1328 αὐτούς
314 1251 446 1338 εἀνδρες
470 1253 650 1337 ὁμόφυλοι,
678 1250 848 1336 μέμνησθε
877 1248 914 1317 εὖ
940 1248 1005 1317 οἷδ’
1032 1254 1082 1318 ὅτι

61 1368 132 1422 τῶν
159 1355 247 1442 έμῶν
275 1358 488 1443 εὐεργεσιῶν,
521 1357 571 1424 ότι
599 1355 655 1422 καὶ
682 1357 795 1443 ἀγρῶν
823 1360 916 1435 τινάς
944 1357 1082 1440 ἐποίησα

62 1464 224 1540 δεσπότας
255 1462 310 1530 καὶ
342 1476 447 1549 τιμῶν
478 1476 547 1529 τῶν
579 1463 615 1529 ἐν
647 1473 693 1552 τῷ
721 1466 844 1547 πλήθει
876 1461 931 1528 καὶ
958 1464 1083 1542 τάξεων

60 1569 195 1652 ήξίωσα.
233 1569 343 1652 <252>
357 1570 573 1654 πυνθάνομαι
592 1578 773 1654 τοιγαροῦν
793 1572 823 1634 εί
840 1573 991 1654 μείζονας
1006 1573 1082 1636 τού-

60 1699 130 1740 των
158 1676 285 1761 δωρεάς
311 1673 366 1740 καὶ
393 1679 549 1753 πλείονας
575 1676 664 1761 παρά
691 1685 751 1740 τοῦ
775 1673 935 1741 Ἰεσσαίου
963 1679 1082 1754 παιδὸς

18 1803 46 1845 ιε
60 1783 276 1867 προσδοκᾶτε.
322 1777 398 1847 οἶδα
421 1784 484 1867 γάρ
504 1783 554 1847 ὅτι
573 1783 694 1858 πάντες
713 1780 828 1869 ἐκείνω
846 1787 1082 1867 προστίθεσθε,

60 1888 188 1973 τοῦμοῦ
215 1890 334 1966 παιδὸς
354 1886 517 1953 Ἰωνάθου
545 1887 647 1952 αὐτοῦ
674 1910 709 1952 τε
737 1887 822 1951 ούτω
851 1889 1082 1971 φρονήσαντος

59 1992 117 2060 καὶ
141 1996 227 2079 ὑμᾶς
248 1995 350 2061 ταῦτά
368 1998 552 2070 πείσαντος.
598 1992 707 2076 <253>
730 1992 771 2057 οῦ
790 1993 851 2077 γάρ
875 1992 985 2075 ἀγνοῶ
1004 1996 1082 2070 τοῦς

60 2103 184 2188 ὅρκους
206 2099 261 2166 καὶ
283 2103 342 2178 τάς
365 2101 537 2184 συνθήκας
558 2101 617 2176 τάς
638 2101 721 2185 πρὸς
739 2100 895 2182 Δαυίδην
918 2099 1006 2188 αὐτῷ
1029 2123 1082 2182 γε-

59 2205 259 2291 γενημένας,
284 2205 358 2273 οὐδ’
385 2208 435 2273 ὅτι
459 2208 648 2291 σύμβουλος
670 2201 732 2290 μὲν
754 2203 810 2270 καὶ
833 2207 995 2291 συνεργὸς
1015 2204 1081 2271 'Im-

16 2335 45 2376 εο
59 2314 171 2396 νάθης
203 2311 271 2378 ἐστὶ
299 2325 367 2379 τῶν
394 2311 465 2378 κατ’
496 2311 577 2397 ἐμοῦ
606 2309 893 2396 συντεταγμένων,
926 2311 1016 2397 μέλει
1048 2310 1079 2376 δ’

58 2420 157 2504 ὑμῶν
180 2417 293 2485 οὐδενὶ
317 2417 392 2504 περὶ
411 2420 549 2502 τούτων,
572 2419 656 2485 ἀλλά
674 2420 711 2484 τὸ
731 2417 984 2503 ἀποβησόμενον
1001 2418 1082 2502 ήσυ-

58 2526 214 2610 χάζοντες
236 2525 407 2591 σκοπείτε.’
455 2525 563 2609 <254>
587 2526 815 2607 σιωπήσαντος
844 2522 880 2589 δὲ
905 2534 965 2589 τοῦ
988 2529 1082 2609 βασι-

58 2631 146 2708 λέως
181 2633 281 2709 ἀλλος
316 2628 378 2716 μὲν
414 2629 525 2708 οὐδεὶς
561 2630 759 2715 ἀπεκρίνατο
796 2641 864 2694 τῶν
895 2632 1081 2714 παρόντων,

58 2739 202 2820 Δάηκος
229 2735 259 2802 δ’
291 2738 309 2803 ὁ
338 2739 465 2823 Σῦρος,
489 2738 511 2819 ᾗδ
539 2737 596 2812 τάς
621 2734 781 2819 ἡμιόνους
808 2733 912 2798 αὐτοῦ
940 2736 1081 2817 βόσκων,

16 2865 43 2906 ιε
58 2839 155 2910 εἶπεν
187 2843 233 2920 ὡς
266 2845 332 2909 ίδοι
364 2845 424 2909 τὸν
451 2843 606 2925 Δαυίδην
639 2843 686 2918 είς
716 2843 837 2924 Ναβᾶν
868 2841 967 2904 πόλιν
998 2842 1081 2925 πρὸς

54 2947 269 3034 Ἀχιμέλεχον
287 2947 431 3014 έλθόντα
449 2949 509 3013 τὸν
528 2945 691 3033 ἀρχιερέα,
709 2945 749 3011 τά
767 2969 802 3011 τε
820 2943 982 3030 μέλλοντα
1001 2945 1078 3031 παρ’

57 3057 166 3123 αὐτοῦ
185 3056 478 3141 προφητεύσαντος
496 3061 630 3138 μαθεῖν,
651 3051 706 3118 καὶ
725 3054 870 3136 λαβόντα
889 3051 1008 3137 ἐφόδια
1026 3051 1080 3117 καὶ

55 3164 121 3247 τήν
148 3163 319 3248 ῥομφαίαν
346 3169 406 3226 τοῦ
431 3159 601 3226 Γολιάθου
629 3161 712 3245 πρὸς
740 3159 799 3235 οὓς
827 3157 981 3242 έβούλετο
1009 3156 1080 3244 μετ’

56 3271 247 3354 ἀσφαλείας
270 3273 540 3352 προπεμφθῆναι.
876 3277 879 3283 ’

13 3399 40 3438 ω
128 3376 239 3458 <255>
259 3373 551 3458 μεταπεμψάμενος
569 3367 631 3438 οὖν
649 3373 708 3437 τὸν
727 3369 880 3457 ἀρχιερέα
898 3369 953 3435 καὶ
971 3381 1081 3438 πᾶσαν
1100 3390 1116 3438 5

136 3493 539 3564 §251=1Reg.xxllv.
