2400 3840
118 133 182 198 148
492 131 767 185 ffmvomx

116 293 301 380 παρέσχηκε
328 291 383 360 καὶ
411 295 501 359 ὅσων
528 295 576 358 ἐτι
604 290 781 378 μεθεέουσι
812 295 922 358 πολὺν
952 295 1143 378 βιώσαντος

117 404 250 487 χρόνον.

81 524 100 575 2
186 509 297 591 (301)
319 508 558 574 συνελθόντων
584 501 623 570 δὲ
644 515 713 569 τῶν
736 509 974 570 Παλαιστινῶν
1002 508 1053 583 είς
1078 509 1142 570 Γα-

117 615 221 701 ζάραν
246 618 347 681 πόλιν
374 614 519 688 ἀνιούσας
546 611 565 677 6
587 613 744 694 βασιλεὺς
768 613 912 696 ἔπεμψεν
939 609 992 676 ἐπ’
1017 613 1142 690 αὐτοὺς

116 719 284 806 στρατιάν.
333 719 507 804 ἠρίστευσε
535 712 574 781 δὲ
600 719 674 782 τότε
700 713 756 779 καὶ
784 714 906 802 σφόδρ’
936 710 1166 803 ηὐδοκίμησεν

116 826 293 911 Σοβάιιχης
315 825 334 890 6
359 829 526 906 Χετταῖος,
549 813 598 900 εἷς
619 832 688 886 τῶν
709 819 786 907 περὶ
807 824 965 906 Δαυίδην
988 823 1142 911 ἀνδρειο-

114 927 236 998 τάτων·
269 927 439 995 ἀπέκτεινε
466 930 530 1015 γὰρ
558 930 704 1006 πολλοὺς
735 938 804 992 τῶν
836 929 1033 1014 αὐχούντων
1060 953 1142 1017 προ-

112 1040 243 1121 γόνους»
252 1038 333 1113 τοὺς
345 1038 504 1122 γίγαντας
517 1031 573 1099 καὶ
592 1031 665 1118 μέγ’
682 1031 733 1098 ἐπ’
750 1033 893 1122 ἀνδρείᾳ
908 1037 1141 1122 φρονούντων,

114 1143 219 1218 αἴτιός
240 1163 276 1206 τε
298 1149 358 1226 τῆς
380 1143 475 1225 νίκης
496 1151 568 1218 τοϊς
582 1137 749 1225 Ἑβραίοις
771 1138 912 1223 ἐγένετο.
950 1141 1062 1225 <302>
1086 1141 1141 1207 καὶ

114 1244 184 1335 μετ’
215 1245 346 1331 ἐκείνην
372 1246 435 1329 την
461 1241 564 1330 ἧτταν
589 1244 692 1310 πάλιν
723 1244 930 1331 ἐπολέμησαν
955 1247 992 1311 οἱ
1013 1243 1177 1313 Halm-¹⁰

115 1357 238 1439 στινοί,
265 1350 321 1419 καὶ
346 1346 508 1439 ’στρατιάν
538 1349 589 1417 ἐπ’
621 1351 743 1429 αὐτοὺς
769 1353 924 1417 Δαυίδου
950 1349 1143 1436 πέμψαντος

120 1461 295 1547 ἠρίστευσε
325 1458 484 1544 Νεφάνος
515 1458 534 1524 6
564 1458 728 1541 συγγενὴς
759 1458 876 1524 αὐτοῦ·
908 1459 1143 1543 μονομαχήσας

121 1567 185 1652 γάρ
203 1575 249 1654 τῷ
267 1565 403 1630 πάντων
417 1562 639 1652 ἀνδρειοτάτῳ
657 1575 726 1628 τῶν
740 1568 977 1630 Παλαιστινῶυ
994 1563 1144 1630 ἀπέκτει-

121 1695 181 1738 νεν
204 1671 319 1754 αὐτόν,
340 1667 397 1736 καὶ
418 1674 497 1748 τοὺς
519 1671 643 1748 ἀλλους
665 1671 713 1746 είς
735 1671 850 1755 φυγὴν
873 1672 999 1755 ἔτρεψε,
1023 1673 1146 1737 πολλοί
1193 1678 1198 1685 ’

122 1776 151 1845 τ’
177 1767 289 1844 αὐτῶν
312 1775 485 1844 ἀπέθανον
508 1779 698 1862 μαχόμενοι.
743 1777 853 1860 <303>
875 1772 1087 1854 διαλιπόντες
1110 1775 1141 1842 δ’
1157 1794 1179 1836 1⁵

122 1886 238 1970 ὀλίγον
256 1886 380 1972 χρόνον
399 1882 739 1971 ἐστρατοπεδεύσαντο
757 1883 842 1968 πρὸς
858 1891 898 1967 τῇ
918 1885 1019 1968 Γίττη
1036 1886 1144 1966 πόλει,

121 2003 190 2059 τῶν
219 1992 309 2078 ὅρων
335 1999 394 2074 τῆς
417 1989 581 2076 Ἑβραίων
612 1990 722 2075 χώρας
753 1988 814 2054 οὐκ
845 1989 992 2053 ἀπωδεν.
1038 1984 1083 2073 ἦν
1110 1988 1141 2056 δ’

122 2097 237 2173 αὐτοῖς
260 2096 344 2181 ἀνὴρ
367 2097 406 2161 τὸ
429 2090 491 2179 μὲν
512 2095 603 2172 ύύος
620 2094 655 2173 ἐξ
677 2097 820 2180 πήχεων,
844 2094 1029 2172 δακτύλους
1051 2094 1083 2160 δ’
1107 2096 1144 2162 έν

124 2197 261 2285 ἑκατέρᾳ
282 2211 351 2263 τῶν
372 2200 503 2282 βάσεων
524 2197 666 2264 καὶτῶν
683 2212 805 2286 χειρῶν
824 2198 875 2265 ἑνὶ
892 2200 1144 2287 περιττοτέρονς

122 2292 192 2388 εἶχε
214 2312 282 2369 τῶν
305 2304 524 2387 κατὰφύσιν.
570 2305 680 2388 <304>
704 2304 740 2369 ἐκ
762 2314 821 2388 τῆς
847 2301 910 2371 οὗν
933 2287 1144 2392 πεμφθείσης
1157 2325 1181 2367 νο

127 2405 178 2474 ἐπ’
204 2406 325 2486 αὐτοὺς
347 2408 413 2474 ὑπὸ
431 2408 586 2473 Δαυίδου
610 2406 764 2495 στρατιᾶς
785 2413 892 2501 τούτῳ
911 2416 1144 2498 μονομαχήσας

120 2510 282 2598 Ἰωνάθης
304 2514 322 2581 6
346 2518 444 2600 Σαμᾶ
466 2514 542 2592 υίὸς
564 2513 679 2582 ἀνεῖλέ.
696 2513 726 2581 τ’
751 2516 870 2600 αὐτόν,
896 2517 952 2583 καὶ
979 2528 1038 2602 τῆς
1065 2521 1144 2604 ὅλης

123 2624 218 2704 νίκης
237 2621 322 2707 ῥοπὴ
342 2623 520 2708 γενόμενος
538 2620 640 2700 δόξαν
658 2621 824 2710 ἀριστείας
844 2622 1064 2706 ἀπηνέγκατο·
1088 2624 1143 2690 καὶ

124 2729 187 2814 γὰρ
207 2722 304 2806 οὗτος
321 2729 338 2794 6
354 2729 579 2806 Παλαιστινὸς
597 2730 690 2814 ηύχει
708 2741 776 2796 τῶν
794 2729 961 2813 γιγάντων
979 2729 1145 2814 ἀπόγονος

125 2829 221 2923 εἶναι.
266 2829 408 2918 μετάδδδ
430 2836 555 2919 ταύτην
581 2834 643 2919 τὴν
665 2836 773 2920 μάχην
796 2832 906 2900 ον’ωιέτι
928 2847 999 2913 τοῖς
1019 2833 1183 2924 Ἰσραη-εσ

126 2942 233 3016 λίταις
255 2937 471 3024 ἐπολέμησαν.

89 3062 106 3112 3
194 3045 312 3129 <305>
335 3041 585 3128 ἀπηλλαγμένος
613 3043 645 3110 δ’
674 3045 738 3128 ἤδη
765 3043 919 3130 πολέμων
946 3047 964 3113 6
991 3053 1145 3135 Δαυίδης

122 3143 179 3217 καὶ
201 3150 387 3234 κινδύνων,
409 3147 465 3215 καὶ
487 3153 628 3235 βαθείας
651 3149 829 3216 ἀπολαύων
851 3153 889 3217 τὸ
913 3156 1032 3220 λοιπὸν
1056 3159 1144 3243 εἰρή-

122 3257 201 3338 νης,
217 3254 305 3343 ᾠδάς
328 3259 376 3334 είς
398 3257 458 3321 τὸν
475 3257 559 3321 θεὸν
577 3254 632 3321 καὶ
650 3254 778 3340 ὕμνους
797 3258 994 3337 συνετάξατο
1019 3261 1143 3348 μέτρον

123 3364 290 3433 ποικίλον·
323 3364 401 3439 τοὺς
433 3357 494 3446 μὲν
525 3362 588 3449 γάρ
619 3359 814 3448 τριμέτρους
845 3367 923 3442 τοὺς
955 3362 992 3430 δὲ
1023 3389 1142 3434 πεντα-
1157 3387 1183 3428 εο

195 3484 281 3546 ενοι
304 3507 336 3528 -
356 3489 372 3538 ν
391 3482 459 3551 αις.
479 3481 601 3538 xxm.
