2400 3840
548 126 647 175 mn
1066 123 1108 188 37

162 286 272 370 <166>
290 285 346 351 καὶ
360 287 560 369 Σαμούηλος
578 281 639 368 μὲν
658 284 895 350 ἀπαλλάττεται
913 294 1015 351 ταῦτα
1029 308 1111 371 παρ·
1130 304 1146 352 2

94 391 243 475 αινέσας,
274 395 358 477 πρὸς
389 388 427 456 δὲ
456 394 515 457 τὸν
546 393 702 473 Δαυίδην
733 395 923 475 μεταβαίνει
950 395 987 458 τὸ
1014 400 1111 458 θεῖον

93 500 276 563 καταλιπὸν
289 500 350 563 τὸν
364 497 530 563 Σάουλον.
566 495 621 561 καὶ
636 496 653 562 ὃ
668 493 730 580 μὲν
743 498 967 582 προφητεύειν
980 496 1111 582 ήρξατο,

93 613 155 669 τοῦ
182 608 281 670 θείου
308 605 495 688 πνεύματος
528 606 575 681 είς
602 603 705 670 αὐτόν
732 602 1020 688 μετοικισαμένου,
1051 607 1111 670 τὸν

66 711 253 776 εΣάουλον
276 707 315 775 δέ
336 712 530 796 περιήρχετο
553 711 646 793 πάθη
669 709 818 776 τινὰκαὶ
837 712 993 795 δαιμόνια
1016 733 1111 792 πνιγ-

92 821 177 901 μοὺς
204 816 293 905 αὐτῷ
321 815 376 882 καὶ
405 817 611 902 στραγγάλας
639 817 854 903 ἐπιφέροντα,
886 817 932 894 ὡς
957 819 1036 892 τοὺς
1064 819 1112 881 ί-

91 926 193 1008 τροῦς
215 925 321 1006 ἀλλην
348 920 410 1008 μὲν
437 923 527 1012 αὐτῷ
549 928 734 1010 θεραπείαν
761 925 804 1009 μή
833 923 994 1005 ἐπινοεῖν,
1022 924 1053 987 εί
1075 920 1115 987 δέ

91 1053 144 1106 τις
166 1027 258 1095 ἐστὶν
281 1028 410 1116 ἐξᾴδειν
439 1031 624 1115 δυνάμενος
650 1029 705 1095 καὶ
732 1031 874 1109 ψάλλειν
901 1029 954 1095 έπὶ
981 1031 1113 1117 κινύρα,

92 1145 213 1201 τοῦτον
237 1134 414 1201 ἐκέλευσαν
438 1138 651 1219 ζητήσαντας,
683 1135 773 1202 ὁπότ’
800 1136 889 1224 αὐτῷ
915 1140 1049 1221 προσίοι
1072 1136 1113 1201 τά

56 1268 81 1306 ιο
94 1244 251 1326 δαιμόνια
269 1239 334 1307 ,καὶ
362 1242 531 1327 ταράττοι,
562 1254 672 1306 ποιεῖν
702 1239 786 1327 ὑπὲρ
818 1248 964 1327 κεφαλῆς
990 1243 1112 1307 στάντα

93 1350 234 1427 ψάλλειν
255 1345 311 1412 καὶ
338 1349 418 1423 τοὺς
443 1347 572 1430 ὕμνους
599 1346 772 1430 ἐπιλέγειν.
818 1347 928 1432 <167>
952 1347 970 1412 ὃ
994 1345 1025 1411 δ’
1052 1346 1113 1411 ούκ

93 1453 267 1538 ἠμέλησεν,
282 1453 365 1519 ἀλλά
380 1456 549 1535 ζητεῖσθαι
563 1453 741 1539 προσέταξε
754 1463 909 1519 τοιοῦτον
920 1455 1111 1539 ἀνθρωπον.

94 1563 264 1643 φήσαντος
291 1559 331 1624 δέ
350 1582 443 1636 τινος
471 1559 560 1648 αὐτῷ
587 1571 655 1626 τῶν
676 1564 852 1646 παρόντων
876 1560 913 1626 ἐν
935 1557 1112 1644 Βηθλεέμη

93 1670 188 1732 πόλει
220 1672 403 1731 τεθεᾶσθαι
433 1663 593 1731 Ἰεσσαίου
620 1663 682 1751 μὲν
713 1667 805 1749 υίόν,
839 1668 886 1731 ἔτι
918 1668 1021 1731 παῖδα
1050 1666 1112 1747 τήν

56 1795 79 1836 1⁵
93 1773 241 1855 ήλικίαν,
268 1771 413 1856 εὐπρεπῆ
443 1767 480 1836 δὲ
507 1768 562 1835 καὶ
589 1774 707 1853 καλόν,
734 1773 775 1837 τά
797 1770 827 1836 τ’
853 1774 936 1837 ἀλλα
964 1774 1112 1854 σπουδῆς

93 1878 187 1957 ἀξιον
209 1877 264 1944 καὶ
289 1879 330 1961 δή
353 1876 407 1942 καλ
430 1878 571 1956 ψάλλειν
594 1878 706 1942 εἰδότα
726 1876 781 1941 καὶ
800 1877 895 1963 ᾅδειν
911 1878 1039 1962 ὕμνους
1057 1875 1112 1941 καλ

93 1986 295 2069 πολεμιστήν
313 1986 427 2069 ἀκρον,
445 1983 577 2069 πέμψας
594 1986 678 2069 πρὸς
695 1986 755 2049 τὸν
766 1981 924 2048 Ἰεσσαῖον
940 1982 1111 2049 ἐκέλευσεν

93 2089 308 2156 ἀποστέλλειν
340 2091 428 2178 αὐτῷ
458 2093 519 2156 τὸν
550 2090 706 2171 Δαυίδην
737 2100 805 2154 τῶν
837 2093 1003 2173 ποιμνίων
1030 2089 1111 2156 ἀπο-

94 2197 277 2262 σπάσαντα·
305 2199 489 2280 βούλεσθαι
518 2197 581 2280 γάρ
609 2195 712 2261 αὐτὸν
740 2197 840 2279 ἰδεῖν,
870 2195 946 2282 περὶ
972 2205 1031 2280 τῆς
1059 2196 1111 2262 εύ-

54 2325 80 2363 ιο
94 2306 240 2387 μορφίας
262 2300 318 2366 καὶ
341 2303 496 2388 ἀνδρείας
519 2301 662 2379 ἀκούσας
687 2312 748 2368 τοῦ
771 2307 957 2370 νεανίσκον.
1003 2304 1112 2387 <168>

94 2406 112 2473 ὁ
136 2404 174 2472 δὲ
194 2405 350 2485 Ἰεσσαῖος
368 2408 487 2492 πέμπει
510 2412 569 2474 τὸν
592 2411 669 2475 υίδν
691 2407 747 2475 καὶ
766 2410 856 2489 ξένια
878 2412 958 2487 δοὺς
976 2413 1110 2493 κομίσαι
1143 2497 1144 2501 ¹

93 2524 138 2600 τῷ
162 2516 315 2604 Σαούλῳ.
353 2514 487 2581 ἐλθόντι
511 2513 542 2578 δ’
563 2516 663 2599 ἥσθη,
686 2514 740 2580 καὶ
759 2518 899 2598 ποιήσας
918 2517 1111 2600 ὁπλοφόρον
1151 2507 1161 2520 '⁸

94 2620 150 2684 διδι
168 2620 274 2704 πάσης
292 2616 352 2704 ήγε
370 2629 474 2706 τιμῆς·
512 2619 642 2705 ἐξῄδετο
662 2622 725 2705 γὰρ
744 2618 801 2684 ὑπ’
822 2621 936 2702 αὐτοῦ,
954 2619 1009 2683 καλ
1028 2622 1111 2705 πρὸς

92 2727 155 2808 τήν
181 2727 247 2793 ὑπὸ
274 2739 343 2793 τῶν
370 2729 555 2812 δαιμονίων
581 2728 742 2811 ταραχήν,
770 2722 862 2791 ὁπότ’
893 2725 981 2813 αὐτῷ
1008 2734 1110 2790 ταῦτα

52 2853 78 2893 ει
92 2831 288 2918 προσέλθοι,
312 2836 413 2918 μόνος
432 2833 544 2917 ἰατρὸς
562 2827 615 2917 ήν,
637 2830 745 2914 λέγων
763 2855 798 2896 τε
816 2833 894 2907 τοὺς
911 2831 1038 2915 ὕμνους
1056 2829 1111 2895 καλ

92 2941 231 3017 ψάλλων
254 2939 291 3004 ἐν
313 2948 352 3025 τῇ
375 2940 496 3026 κινύρᾳ
518 2937 573 3004 καλ
595 2951 703 3004 ποιῶν
726 2934 792 3024 (έν)
814 2937 933 3004 ἑαυτοῦ
956 2941 1111 3021 γίνεσθαι

92 3049 153 3112 τὸν
177 3046 342 3111 Σάουλον.
387 3045 497 3128 <169>
520 3043 639 3130 πέμπει
662 3049 779 3110 τοίνυν
800 3048 883 3131 πρὸς
905 3047 965 3109 τὸν
986 3040 1110 3125 πατέρα

93 3161 155 3216 τοῦ
181 3152 301 3227 παιδὸς
325 3148 499 3234 Ἰεσσαῖον,
530 3150 622 3216 ἐᾶσαι
649 3149 727 3236 παρ’
753 3151 842 3238 αὐτῷ
869 3153 929 3216 τὸν
956 3148 1111 3230 Δαυίδην

92 3259 250 3323 κελεύων·
265 3259 408 3341 ήδεσθαι
423 3259 485 3343 γάρ
500 3257 589 3346 αὐτῷ
604 3256 794 3345 βλεπομένῳ
808 3255 863 3321 καὶ
877 3258 1026 3341 παρόντι.
1051 3257 1110 3320 τὸν

51 3383 79 3423 εο
94 3362 125 3427 δ’
153 3364 213 3429 οὐκ
235 3364 405 3430 ἀντειπεῖν
423 3374 468 3449 τῷ
492 3365 646 3453 Σαούλφ,
670 3364 877 3447 συνεχώρησε
897 3358 934 3426 δὲ
951 3360 1109 3446 κατέχειν.

166 3492 246 3552 5166
266 3513 300 3533 =
321 3493 334 3539 1
350 3486 420 3555 Reg.
439 3485 504 3539 XVI
519 3492 560 3540 13.
