2400 3840
111 137 179 203 204
477 133 753 188 mmmm

112 297 333 382 ἐπιστήμονας
353 298 498 381 ἐπεμψεν
517 294 663 378 ἰκανούς,
686 283 737 371 οἰς
756 291 910 359 ἐκέλευσε
929 295 1129 368 πλεύσαντας

113 406 194 490 μετὰ
207 402 262 474 καὶ
277 414 344 468 τῶν
358 403 456 468 ἰδίων
469 403 656 486 οἰκονόμων
672 401 721 478 εἰς
733 400 795 483 τῆν
807 399 913 466 πάλαι
927 395 993 483 μὲν
1006 401 1129 483 Σώφει-

114 534 178 597 ραν
196 519 261 575 νῦν
279 506 317 574 δέ
331 512 469 594 Χρυσῆν
485 515 551 591 γῆν
566 503 776 591 καλουμένην
794 503 869 593 (τῆς
884 503 1030 590 Ἰνδικῆς
1049 503 1131 570 ἐστὶν

114 616 211 700 αὕτη)
225 617 352 701 χρυσὸν
369 614 459 703 αὐτῷ
477 616 621 698 κομίσαι.
651 609 708 677 καὶ
724 614 1018 697 συναθροίσαντες
1032 612 1078 689 ὡς
1089 633 1131 677 τε·
1176 620 1179 625 ’

114 722 274 805 τρακόσια
292 719 437 786 τάλαντα
454 720 556 786 πάλιν
574 718 788 806 ἀνεχώρησαν
806 718 891 803 πρὸς
909 719 973 783 τὸν
992 716 1152 802 βασιλέαε

80 851 97 900 5
184 827 294 911 (165)
315 827 377 909 τῆν
395 823 433 892 δὲ
450 835 510 911 τῆς
523 825 698 909 Αἰγύπτου
716 826 790 890 τότε
807 820 939 907 καὶτῆς
953 826 1133 900 Αἰθιοπίας

116 933 371 1017 βασιλεύουσαν,
385 945 527 1015 γυναῖκα
542 934 645 1020 σοφία
659 927 952 1014 διαπεπονημένην
965 929 1026 996 καὶ
1039 926 1133 996 τᾶλλα

116 1038 325 1121 θαυμαστήν,
344 1037 534 1104 ἀκούουσαν
551 1038 613 1120 τὴν
627 1042 831 1121 Σολομῶνος
846 1033 973 1121 ἀρετὴν
987 1036 1046 1104 καὶ
1060 1039 1133 1122 φρό-

115 1158 225 1225 νησιν,
245 1140 407 1228 ἐπιθυμία
425 1153 484 1228 τῆς
501 1146 609 1223 όψεως
627 1142 731 1208 αὐτοῦ
749 1141 786 1208 ἐκ
802 1152 871 1207 τῶν
885 1139 1054 1229 ὁσημέραι
1066 1139 1133 1228 περὶ

116 1257 184 1314 τῶν
203 1245 272 1314 ἐκεῖ
288 1247 479 1334 λεγομένων
495 1251 579 1335 πρὸς
596 1248 700 1314 αὐτὸν
718 1247 831 1332 ῆγαγε.
867 1244 983 1331 <166>
1002 1255 1133 1332 πεισθῆ-
1143 1263 1164 1304 1⁰

116 1378 173 1420 ναι
200 1356 263 1441 γάρ
291 1355 357 1422 ὑπὸ
371 1364 443 1440 τῆς
464 1358 580 1442 πείρας
601 1351 675 1420 ἀλλ’
700 1353 761 1438 οὐχ
784 1353 850 1418 ὑπὸ
872 1359 933 1436 τῆς
956 1351 1064 1438 ἀκοῆς
1085 1352 1134 1440 (ῆν

117 1462 205 1537 εἰκός
228 1459 296 1526 ἐστι
319 1459 374 1527 καὶ
396 1462 518 1540 ψευδεῖ
538 1458 618 1546 δόξη
641 1447 948 1543 συγκατατίθεσθαι
966 1458 1028 1525 καὶ
1046 1483 1134 1545 μετα-

116 1576 228 1630 πεῖσαι
256 1567 372 1632 πάλιν·
403 1569 463 1652 όλη
490 1569 554 1654 γάρ
578 1565 631 1633 ἐπὶ
654 1576 724 1644 τοῖς
747 1561 996 1648 ἀπαγγέλλουσι
1020 1563 1133 1650 κεῖται)

116 1667 265 1734 θέλουσα
292 1673 376 1757 πρὸς
403 1672 506 1740 αὐτὸν
533 1671 649 1740 ἐλθεῖν
671 1670 808 1755 διέγνω,
835 1671 978 1756 μάλιστα
1001 1681 1065 1759 τῆς
1086 1689 1136 1737 σο·

117 1778 198 1860 φίας
216 1776 321 1843 αὐτοῦ
339 1777 526 1865 βουλομένη
545 1782 661 1864 λαβεῖν
679 1790 809 1862 πεῖραν,
831 1777 915 1860 αύτῆ
933 1782 1135 1864 προτείνασα
1145 1790 1165 1832 1⁵

117 1881 173 1948 καί
201 1889 299 1951 λῦσαι
324 1887 362 1952 τὸ
390 1886 518 1972 ἀπορον
544 1894 604 1969 τῆς
631 1886 783 1962 διανοίας
806 1885 976 1967 δεηθεῖσα.
1007 1879 1084 1968 1ἧκε
1105 1880 1133 1949 δ’

119 1993 166 2066 εἰς
186 1989 398 2078 Ἱεροσόλυμα
421 1993 501 2076 μετά
524 1997 649 2075 πολλῆς
672 1988 770 2074 δόξης
791 1987 847 2055 καλ
865 1990 1014 2056 πλούτου
1033 2013 1135 2077 παρα-

118 2105 250 2178 σκευῆς·
273 2097 383 2179 <167>
403 2096 583 2181 ἐπηγάγετο
602 2099 665 2183 γάρ
680 2098 849 2181 καμήλους
862 2098 1004 2180 χρυσίου
1017 2098 1137 2179 μεστάς

117 2196 173 2262 καὶ
196 2198 380 2284 ἀρωμάτων
403 2205 564 2266 ποικίλων
586 2198 641 2266 καὶ
665 2205 767 2266 λίθου
789 2205 1001 2278 πολυτελοῦς.
1039 2203 1086 2280 ὡς
1105 2199 1134 2268 δ’

118 2301 222 2382 αὐτὴν
250 2303 457 2388 ἀφικομένην
484 2302 590 2386 ῆδέως
613 2304 631 2370 ὁ
655 2287 811 2388 βασιλεὺς
833 2305 1071 2393 προσεδέξατο,
1098 2308 1170 2374 τάῖ0

117 2403 146 2471 τ’
172 2407 256 2471 ἀλλα
283 2405 358 2493 περὶ
386 2408 492 2491 αὐτην
519 2411 694 2493 φιλότιμος
720 2405 778 2494 ἦν,
805 2411 861 2477 καί
888 2414 929 2477 τά
951 2418 1136 2498 προβαλλό-

117 2534 200 2597 μενα
227 2518 415 2599 σοφίσματα
438 2515 562 2604 ῥᾳδίως
583 2524 623 2602 τῆ
648 2513 780 2582 συνέσει
802 2522 1138 2604 καταλαμβανόμενος

117 2624 244 2685 θάττον
275 2620 295 2706 ῆ
327 2624 515 2709 προσεδόκα
545 2647 596 2701 τις
629 2621 791 2690 ἐπελύετο.
838 2625 947 2708 <168>
975 2624 996 2706 ῆ
1026 2623 1057 2689 δ’
1089 2624 1137 2704 ἐξ·

118 2728 293 2810 επλήττετο
316 2726 378 2814 μὲν
400 2730 455 2799 καὶ
478 2732 539 2815 τῆν
563 2734 687 2815 σοφίαν
709 2739 769 2796 τοῦ
792 2734 1006 2814 Σολομῶνος,
1030 2731 1137 2808 οὕτως

117 2832 393 2919 ὑπερβάλλουσαν
425 2838 530 2921 αὐτὴν
562 2835 617 2903 καὶ
649 2848 708 2922 τῆς
739 2833 943 2919 ἀκουομένης
970 2843 1009 2920 τῆ
1038 2839 1136 2922 πείρᾳ
1149 2851 1174 2893 2⁵

117 2943 255 3027 κρείττω
282 2949 536 3026 καταμαθοῦσα,
563 2943 705 3026 μάλιστα
733 2939 763 3006 δ’
790 2940 955 3025 ἐθαύμαζε
978 2943 1018 3006 τά
1041 2946 1136 3026 βασί-

118 3050 190 3111 λεια
213 3054 274 3111 τοῦ
297 3068 331 3110 τε
353 3045 496 3122 κάλλους
519 3042 657 3110 καὶτοῦ
680 3044 860 3130 μεγέθους,
890 3046 951 3131 οὐχ
973 3041 1074 3129 ῆττον
1098 3045 1136 3112 δὲ

117 3161 177 3234 τῆς
200 3148 376 3229 διατάξεως
398 3160 466 3215 τῶν
489 3149 770 3233 οἰκοδομημάτων.
806 3148 862 3215 καλ
885 3152 948 3237 γάρ
972 3151 1009 3218 ἐν
1032 3155 1136 3238 ταύτῃ

117 3258 245 3340 πολλῆν
263 3267 323 3323 τοῦ
342 3253 503 3342 βασιλέως
520 3255 676 3340 καθεώρα
695 3257 870 3339 φρόνησιν.
907 3258 1016 3341 <169>
1034 3260 1135 3345 ὑπερ-

118 3358 290 3444 εξέπληττε
313 3360 344 3426 δ’
370 3361 475 3447 αὐτην
498 3361 516 3427 ὅ
540 3357 568 3426 τ’
592 3354 683 3435 οἶκος
704 3361 853 3443 Δρυμὼν
877 3359 1135 3449 ἐπικαλούμενος
1147 3381 1174 3422 30

189 3487 271 3547 §165
291 3483 528 3551 =3Reg.X1;
548 3480 670 3536 2Paral.
684 3481 723 3534 IX
740 3488 762 3535 1.
