2400 3840
563 119 662 170 ΕΚΤΗ
1097 119 1118 183 5

101 275 192 340 ίδιον
223 273 360 354 ἕκαστος
391 276 582 362 ἀπεθρήνει.
636 279 722 362 <17>
755 287 815 344 τοῦ
847 302 882 344 τε
913 278 1027 364 μένειν
1058 283 1120 364 τήν

98 382 245 466 κιβωτὸν
276 381 354 468 παρ’
384 384 497 461 αὐτοῖς
529 382 685 463 ἀναξίους
716 385 960 470 ἀποφαίνοντες
989 388 1120 472 αὑτούς,

98 490 185 574 πρὸς
207 489 245 554 τὸ
267 492 384 556 κοινὸν
405 502 474 556 τῶν
488 489 651 577 Ἑβραίων
674 491 862 576 πέμψαντες
881 492 1023 576 ἐδήλουν
1041 494 1120 559 άπο-

99 596 265 660 δεδόσθαι
283 596 345 678 τήν
362 599 506 682 κιβωτὸν
523 599 589 664 ὑπὸ
607 609 675 664 τῶν
692 603 938 664 Παλαιστινῶν.
974 598 1121 665 κάκεῖνοι

68 725 84 766 ε
99 705 241 784 γνόντες
258 701 348 768 τοῦτ’
370 703 627 789 ἀποκομίζουσιν
646 681 750 787 αὐτὴν
771 707 818 781 είς
835 708 1121 792 Καριαθιαρίμαν,

99 812 237 891 γείτονα
268 813 367 875 πόλιν
401 823 471 886 τοῖς
503 814 747 896 Βηθσαμίταις,
785 811 872 894 <18>
910 812 994 877 ἔνθα
1030 814 1122 890 τινὸς

100 918 249 980 Λευίτου
280 918 317 981 τὸ
351 914 462 999 γένος,
492 913 729 1002 Ἀμιναδάβου,
766 914 867 994 δόξαν
899 919 1032 1002 ἔχοντος
1068 916 1122 984 ἐπὶ

100 1023 301 1107 δικαιοσύνῃ
322 1021 379 1088 καὶ
401 1026 564 1110 θρησκείᾳ
586 1027 834 1108 καταβιοῦντος,
859 1025 907 1100 είς
928 1025 990 1107 τήν
1012 1026 1123 1090 οίκιάν

99 1129 164 1211 τήν
177 1130 321 1213 κιβωτὸν
334 1130 473 1213 ήγαγον,
492 1130 602 1216 ὥσπερ
617 1132 664 1207 είς
677 1129 845 1216 πρέποντα
864 1138 909 1217 τῷ
925 1136 995 1218 θεῷ
1008 1133 1123 1213 τόπον,

56 1259 87 1297 ιο
103 1234 141 1300 ἐν
156 1228 182 1322 ᾧ
199 1233 338 1323 κατςόκει
353 1237 481 1313 δίκαιος
498 1237 687 1322 ἀνθρωπος.
724 1235 929 1324 ἐθεράπευον
944 1233 1057 1319 δὲτὴν
1073 1261 1123 1303 κι-

104 1344 213 1425 βωτὸν
233 1344 268 1407 οί
283 1343 405 1409 τούτου
423 1344 550 1427 παῖδες,
568 1343 624 1410 καὶ
643 1353 701 1429 τής
720 1343 905 1429 ἐπιμελείας
922 1344 1044 1427 ταύτης
1063 1343 1124 1421 ἕως

103 1447 188 1514 ἐτῶν
216 1455 320 1514 είιιοσι
346 1450 573 1535 προύστησαν·
601 1459 744 1516 τοσαῦτα
771 1452 835 1537 γάρ
864 1453 993 1535 ἔμεινεν
1021 1447 1057 1515 ἐν
1082 1458 1121 1536 τή

56 1591 58 1595 -
100 1556 368 1643 Καριαθιαρίμηι,
386 1557 551 1638 ποιήσασα
568 1557 659 1643 παρά
676 1567 747 1633 τοῖς
761 1561 1000 1633 Παλαιστινοῖς
1015 1565 1123 1642 μήνας

100 1659 268 1748 τέτταρας.

59 1791 85 1832 ιε
169 1769 257 1852 <19>
279 1779 340 1834 τοῦ
367 1766 405 1835 δέ
428 1775 511 1835 λαοῦ
533 1771 658 1845 παντὸς
680 1768 794 1858 ἐκείνῳ
826 1777 867 1856 τῷ
890 1771 1014 1856 χρόνῳ,
1040 1764 1161 1832 καθ’2

100 1874 141 1939 ὃν
172 1869 260 1958 εἶχεν
286 1874 307 1958 ἡ
333 1887 401 1941 τῶν
423 1879 738 1961 Καριαθιαριμιτῶν
764 1877 860 1950 πόλις
886 1873 947 1955 τήν
969 1876 1123 1957 κιβωτόν,

101 1979 153 2047 ἐπ’
180 1982 279 2067 εὐχάς
300 1980 356 2048 καὶ
378 1985 503 2060 θυσίας
524 1978 705 2067 τραπέντος
729 1989 790 2046 τοῦ
812 1986 897 2045 θεοῦ
918 1975 974 2044 καὶ
996 1979 1124 2061 πολλήν

101 2086 343 2172 ἐμφανίζοντος
368 2089 431 2171 τήν
457 2086 533 2175 περὶ
560 2087 663 2153 αὐτὸν
692 2090 877 2173 θρησκείαν
907 2084 963 2152 καὶ
996 2093 1123 2172 φιλοτι-

101 2199 196 2279 μίαν,
219 2194 238 2260 ό
260 2196 434 2280 προφήτης
451 2196 651 2280 Σαμούηλος
674 2194 763 2281 ὁρῶν
783 2193 893 2259 αὐτῶν
915 2193 977 2277 τήν
995 2200 1123 2280 προθυ-

61 2323 87 2362 εο
101 2305 199 2387 μίαν,
232 2302 277 2379 ὡς
310 2303 466 2389 εὔκαιρον
497 2304 580 2389 πρὸς
610 2302 714 2379 οὕτως
746 2303 881 2387 ἔχοντας
912 2303 1019 2366 εἰπεῖν
1047 2297 1123 2384 περὶ

103 2409 299 2493 ἐλευθερίας
316 2405 372 2474 καὶ
390 2418 459 2473 τῶν
472 2407 612 2490 ἀγαθῶν
625 2419 693 2473 τῶν
713 2406 749 2473 ἐν
763 2407 857 2493 αὐτή,
875 2415 992 2493 χρήται
1012 2407 1124 2489 λόγοις

102 2508 155 2593 οἷς
179 2514 260 2604 ςόετο
279 2515 421 2600 μάλιστα
438 2514 500 2598 τήν
518 2515 672 2580 διάνοιαν
695 2515 807 2579 αὐτῶν
824 2513 1050 2598 προσάξεσθαι
1068 2509 1124 2576 καὶ

102 2626 241 2687 πείσειν.
283 2623 371 2706 <20>
391 2622 538 2707 “ἀνδρας’
562 2623 625 2705 γάρ
646 2615 747 2701 εἶπεν,
772 2609 834 2693 “οἷς
858 2621 905 2682 ἔτι
924 2626 988 2681 νῦν
1011 2621 1125 2701 βαρεῖς

103 2725 166 2812 μὲν
194 2726 347 2813 πολέμιοι
377 2731 612 2810 Παλαιστινοί,
643 2727 724 2802 θεὸς
754 2721 785 2788 δ’
821 2723 960 2808 εὐμενής
991 2723 1125 2808 ἀρχεται

65 2855 89 2894 ιι
102 2838 260 2916 γίνεσθαι
296 2832 353 2900 καί
385 2839 497 2920 φίλος,
535 2834 595 2899 οὐκ
629 2832 807 2917 ἐπιθυμεῖν
844 2829 1037 2916 ἐλευθερίας
1073 2830 1130 2894 δεῖ

102 2944 224 3025 μόνον,
252 2940 336 3007 ἀλλά
363 2940 419 3007 καὶ
445 2953 555 3008 ποιεῖν
583 2939 628 3006 δι’
658 2935 706 3006 ὧν
729 2939 772 3005 ἀν
799 2942 895 3006 ἔλθοι
922 2940 1005 3023 πρὸς
1029 2936 1128 3020 ἡμᾶς,

103 3043 184 3113 οὐδὲ
208 3048 392 3131 βούλεσθαι
419 3044 481 3132 μὲν
506 3047 717 3131 ἀπηλλάχθαι
745 3047 929 3126 δεσποτῶν,
958 3038 1125 3125 ἐπιμένειν

104 3150 142 3218 δέ
160 3154 368 3239 πράττοντας
386 3153 419 3232 ἐξ
439 3149 487 3219 ὧν
505 3161 651 3219 τοιοῦτοι
670 3154 895 3238 διαμενοῦσιν.
936 3149 1022 3231 <21>
1033 3147 1125 3214 ,ἀλλά

102 3263 242 3342 γίνεσθε
265 3262 400 3344 δίκαιοι,
422 3258 478 3325 καὶ
501 3260 562 3343 τήν
580 3263 745 3344 πονηρίαν
764 3257 958 3343 ἐκβαλόντες
975 3264 1043 3319 τῶν
1061 3264 1126 3333 ψυ-

63 3383 90 3423 ³⁰
103 3378 173 3451 χῶν
208 3365 265 3432 καὶ
300 3367 545 3452 θεραπεύοντες
581 3365 685 3448 αὐτὴν
723 3365 815 3440 ὅλαις
851 3373 924 3437 ταῖς
960 3361 1128 3434 διανοίαις

176 3493 240 3554 §17
260 3514 294 3534 =
316 3495 327 3542 1
349 3487 417 3555 Reg,
437 3487 476 3540 VI
488 3493 530 3542 20.
