2400 3840
87 122 150 188 158
456 122 731 176 Aquvomz

87 284 253 363 Ναθάνας
273 280 328 351 καὶ
352 286 500 361 Βαναίας
522 283 541 350 ό
565 279 710 350 ἐπὶτῶν
732 283 1032 371 σωματοφυλάκων
1052 280 1096 350 καὶ

85 392 208 477 Σεμεῒς
235 391 253 459 ὁ
276 392 431 456 Δαυίδου
458 393 557 475 φίλος
583 388 639 455 καὶ
666 390 787 468 πάντες
809 391 845 456 οί
866 389 1097 477 ἀνδρειότατοι.

86 499 197 581 <347>
219 507 280 564 τοῦ
303 495 333 563 δ’
357 495 498 563 Ἀδωνία
520 494 858 585 παρασκευασαμένου
882 497 1025 563 δεῖπνον
1048 495 1098 576 ἔξω

85 611 144 687 τής
161 605 288 680 πόλεως
305 603 393 689 παρὰ
411 603 474 688 τήν
491 603 601 686 πηγήν
618 602 680 685 τήν
698 601 736 668 έν
753 611 798 692 τῷ
816 605 982 692 βασιλικῷ
1004 625 1100 688 παρα·
1144 684 1146 689 ,

86 710 201 800 δείσφ,
232 706 287 774 καὶ
318 709 444 786 πάντας
472 706 672 786 καλέσαντος
701 711 780 786 τοὺς
808 709 980 794 ἀδελφοὺς
1007 707 1118 796 χωρίςι
1144 725 1146 735 ·

85 821 296 900 Σολομῶνος,
319 816 570 901 παραλαβόντος
593 811 632 880 δὲ
652 813 708 880 καὶ
730 816 792 880 τὸν
813 818 1005 903 στρατηγὸν
1021 815 1100 883 Ἰόν-

85 925 148 1007 βον
169 917 225 986 καὶ
240 918 444 1007 Ἀβιάθαρον
466 919 522 987 καί
544 923 623 1000 τοὺς
645 923 809 1008 ἄρχοντας
832 930 891 1005 τῆς
907 920 1021 988 Ἰούδα
1044 948 1101 1009 φυ-

85 1033 144 1110 λής
176 1021 283 1112 (οὑτοι
315 1023 376 1111 μὲν
407 1027 528 1105 πάντες
559 1036 727 1114 παρῆσαν,
760 1031 838 1104 τοὺς
870 1023 908 1093 δὲ
942 1025 1023 1115 περὶ
1049 1031 1102 1096 τὸν

85 1129 238 1220 ἀρχιερέα
258 1132 421 1198 Σάδωκον
438 1129 494 1198 καὶ
511 1133 680 1200 Ναθάναν
697 1135 757 1200 τὸν
774 1135 953 1220 προφήτην
970 1132 1030 1200 καὶ
1048 1136 1102 1200 τὸν

85 1236 138 1305 ἐπὶ
161 1249 229 1305 τῶν
251 1238 545 1324 σωματοφυλάκων
567 1243 718 1306 Βαναίαν
739 1237 795 1306 καὶ
817 1239 945 1317 πάντας
967 1244 1049 1319 τοὺς
1071 1240 1132 1307 ε’κῑθ

84 1355 143 1430 τής
166 1344 318 1425 ἐναντίας
341 1343 497 1433 αίρέσεως
519 1346 581 1412 οὑκ
603 1344 757 1412 ἐκάλεσεν
776 1344 830 1420 έπλ
848 1346 910 1429 τήν
930 1344 1103 1435 ἑστίασιν),

85 1454 195 1536 <348>
218 1461 316 1519 τοῦτο
339 1454 423 1539 πρὸς
444 1452 506 1536 τήν
526 1457 730 1537 Σολομῶνος
751 1454 957 1538 κατεμήνυσε
978 1453 1103 1542 μητέρα

85 1559 277 1644 Βεερσαβήν
305 1558 470 1637 Ναθάνας
496 1558 514 1626 ὁ
541 1560 728 1645 προφήτης,
755 1559 801 1637 ὡς
822 1555 984 1637 Ἀδωνίας
1013 1565 1104 1646 βασι-

85 1665 161 1741 λεύς
189 1663 258 1730 ἐστι
284 1663 340 1731 καὶ
367 1663 457 1731 τοῦτ’
486 1664 602 1749 ἀγνοεῖ
621 1667 788 1751 Δαυίδης,
819 1667 1049 1749 συνεβούλευέ
1071 1691 1103 1733 τε

86 1771 202 1851 σώζειν
220 1771 324 1856 αὑτήν
342 1770 397 1839 καὶ
416 1774 475 1839 τὸν
493 1772 596 1838 παῖδα
609 1776 807 1856 Σολομῶνα,
825 1769 881 1837 καὶ
899 1773 986 1858 πρὸς
998 1777 1103 1840 Δαυί-
1114 1788 1135 1830 1⁵

85 1879 149 1962 δην
171 1884 426 1967 προσελθοῦσαν
448 1880 555 1963 μόνην
574 1874 685 1962 λέγειν
707 1877 753 1955 ὑς
772 1877 873 1955 αὐτὸς
891 1874 955 1963 μὲν
974 1880 1104 1965 ὀμόσειε

85 1982 154 2068 μετ’
176 1985 279 2050 αὑτὸν
298 1989 483 2070 Σολομῶνα
506 1985 726 2068 βασιλεύσειν,
748 1983 869 2069 μεταξὺ
895 1982 926 2049 δ’
945 1983 1104 2065 Ἀδωνίας

84 2090 146 2172 τήν
168 2091 274 2178 ἀρχήν
290 2091 355 2174 ήδη
373 2091 568 2176 παραλάβοι.
605 2090 714 2175 <349>
732 2098 835 2156 ταῦτα
854 2086 891 2155 δὲ
909 2099 954 2178 τῷ
975 2096 1105 2177 βασιλεῖ

85 2192 321 2278 διαλεγομένης
353 2195 371 2260 δ
398 2196 570 2280 προφήτης
598 2194 888 2278 έπεισελεύσεσθαι
921 2195 977 2262 καὶ
1005 2199 1104 2277 αὐτὸς

84 2301 187 2383 ἔφησε
218 2297 273 2363 καί
305 2306 375 2375 τοίς
406 2302 518 2381 λόγοις
549 2300 652 2385 αὐτῆς
678 2301 966 2389 ἐπιμαρτυρήσειν.
1013 2304 1136 2388 ήθ
1068 2302 1136 2371 δὲθ

84 2403 274 2576 Βεερσαβήὶ
272 2410 446 2469 πεισθεῖσα
469 2412 515 2492 τῷ
534 2405 682 2494 Ναθάνα
703 2407 835 2494 πάρεισι
859 2411 943 2496 πρὸς
964 2412 1027 2476 τὸν
1046 2415 1103 2525 βα-

84 2505 192 2593 σιλέα,
219 2535 260 2576 κα
261 2507 552 2599 ὑπροσκυνήσασα
574 2511 630 2579 καὶ
653 2517 755 2597 λόγον
778 2540 799 2579 α
801 2514 979 2600 ίτησαμένη
1003 2495 1101 2583 πάντ

84 2617 173 2706 αὐτῷ
191 2618 304 2698 καθδος
322 2618 527 2707 ὁπροφήτης
545 2618 688 2687 ὑπέθετο
708 2619 917 2707 διεξέρχεται,
940 2623 1050 2707 <350>
1066 2625 1103 2689 τό

83 2750 119 2791 τε
138 2683 324 2793 δειπνον
294 2750 332 2793 το
344 2725 485 2794 Ἀδωνία
502 2726 558 2793 καὶ
576 2731 655 2806 τοὺς
672 2725 728 2794 ὑπ’
750 2727 853 2793 αὑτοῦ
871 2728 1103 2814 κεκλημένους,

81 2829 284 2919 Ἀβιάθαρον
306 2834 366 2898 τὸν
388 2831 541 2920 ἀρχιερέα
563 2830 618 2898 καὶ
638 2831 774 2917 Ἰώαβον
796 2836 855 2900 τὸν
878 2836 1025 2921 ἀρχοντα
1047 2834 1101 2900 καί
1115 2849 1138 2893 ²⁵

83 2941 162 3015 τοὺς
179 2939 275 3014 υίοὺς
293 2937 397 3010 αὑτοῦ
414 2936 516 3024 χωρὶς
531 2943 734 3020 Σολομῶνος
751 2936 805 3004 καὶ
824 2951 893 3005 τῶν
911 2941 1103 3024 ἀναγκαίων

85 3042 189 3109 αὐτοῦ
220 3044 343 3127 φίλων,
375 3043 558 3125 μηνύσασα.
609 3039 703 3125 ἔλεγέ
731 3066 766 3110 τε
792 3046 900 3112 πάντα
930 3049 990 3113 τὸν
1020 3050 1103 3114 λαὸν

84 3147 217 3235 ἀφορᾶν
240 3151 314 3214 τίνα
336 3149 560 3234 χειροτονήσει
583 3147 734 3233 βασιλέα,
757 3153 939 3238 παρακάλει
961 3178 997 3220 τε
1019 3157 1102 3221 κατὰ

85 3263 169 3319 νοῦν
192 3257 279 3340 ἔχειν
302 3253 347 3332 ὡς
369 3255 449 3338 μετὰ
471 3253 533 3338 τήν
555 3252 749 3338 ἀπαλλαγήν
776 3257 879 3323 αὑτοῦ
903 3262 1101 3343 βασιλεύσας

85 3356 190 3440 αὑτήν
211 3383 247 3425 τε
269 3356 325 3425 καὶ
348 3364 534 3445 Σολομῶνα
556 3361 616 3425 τὸν
637 3358 714 3425 υίδν
736 3359 838 3444 αὐτῆς
861 3363 1042 3451 ἀναιρήσει.
1114 3380 1140 3421 ³⁰

156 3481 172 3541 ς
191 3483 242 3532 347
263 3506 296 3527 ω
316 3486 332 3533 3
351 3481 490 3550 Reg.19.
