2400 3840
96 129 140 194 52
466 128 740 182 ΑΡΧΑΙΟΛΟΓΙΑΣ

95 304 174 369 παῖς
196 290 436 357 ἀπολέλειπται.
482 290 500 355 ὃ
529 285 566 354 δὲ
588 293 816 374 πεπορεῦσθαι
843 290 925 351 κατά
953 289 1010 362 τὰς
1034 304 1115 351 συν·

95 401 203 482 θήκας
226 400 350 482 ἔφησεν
372 396 475 461 αὐτὸν
499 398 547 472 είς
568 396 630 478 τήν
654 393 773 459 ἑαυτοῦ
796 394 949 479 πατρίδα,
972 403 1030 474 τής
1049 418 1115 476 φυ-

96 511 156 588 λής
179 502 298 589 ἑορτήν
317 503 470 585 ἀγούσης,
495 500 730 586 ἐπιτρέψαντος
749 499 865 564 αὐτοῦ·
888 497 1114 584 παρακαλέσαι

95 609 209 696 μέντοι
227 608 283 674 καὶ
302 609 405 673 αὐτὸν
425 607 538 673 ἐλθεῖν
562 604 614 672 ἐπὶ
632 607 694 689 τήν
712 610 847 671 θυσίαν.
894 605 967 670 ’κάν
986 621 1114 688 συγχω-

95 716 166 803 ρής’
192 719 310 801 φησίν,
335 713 542 800 ’ἀπέρχομαα
576 715 685 796 <237>
709 713 770 795 τήν
797 714 859 796 γὰρ
889 711 1024 776 εὔνοιάν
1047 730 1143 792 μουε

95 823 157 905 τήν
182 823 266 909 πρὸς
293 820 396 886 αὐτὸν
424 819 615 886 ἐπίστασαι.’
661 822 734 884 τότε
761 819 822 900 τήν
849 819 932 903 πρὸς
958 818 1115 898 Δαυίδην

95 937 156 993 τοῦ
179 929 303 1014 πατρὸς
323 924 483 1010 Ἰωνάθης
511 925 636 1009 ἐπέγνω
661 924 875 1009 δυσμένειαν,
902 920 957 987 καὶ
985 935 1115 1008 τρανῶς

94 1036 157 1118 τήν
180 1036 262 1118 ὅλην
285 1032 388 1098 αὐτοῦ
411 1034 573 1118 βούλησιν
601 1027 699 1096 εἶδεν.
745 1030 786 1096 οὐ
809 1032 879 1116 γάρ·
895 1028 1029 1112 κατέσχε
1052 1029 1115 1111 τήν

95 1141 201 1226 ὀργήν
229 1141 397 1222 Σάουλος,
430 1138 513 1204 ἀλλά
543 1142 749 1223 βλασφημῶν
777 1135 810 1215 ἐξ
838 1136 1031 1219 αὐτομόλων
1061 1160 1114 1217 γε-

95 1243 301 1330 γεννημένον
329 1243 384 1311 καὶ
407 1244 566 1329 πολέμιον
590 1243 758 1325 ἀπεκάλει,
785 1241 840 1306 καὶ
865 1244 1030 1307 κοινωνὸν
1052 1251 1114 1306 τοῦ
1132 1261 1157 1298 10

95 1354 250 1418 Δαυίδου
272 1351 328 1418 καὶ
347 1353 511 1436 συνεργὸν
530 1353 631 1433 ἔλεγε,
653 1348 709 1414 καὶ
727 1348 801 1434 μήτ’
823 1349 925 1414 αὐτὸν
944 1350 1115 1413 αἰδεῖσθαι

96 1460 177 1543 μήτε
196 1460 257 1542 τήν
277 1457 400 1543 μητέρα
418 1456 532 1539 αὐτοῦ,
556 1465 659 1521 ταῦτα
678 1465 881 1542 φρονοῦντα,
899 1454 953 1520 καὶ
973 1455 1016 1538 μή
1036 1458 1115 1537 βου-

96 1566 240 1647 λόμενον
262 1569 443 1646 πεισθῆναι
465 1559 575 1645 τοῦθ’,
604 1562 653 1626 ὅτι
677 1559 772 1646 μέχρι
795 1565 940 1646 περίεστι
963 1562 1115 1642 Δαυίδης

96 1669 288 1754 ἐπισφαλῶς
309 1668 423 1745 αὐτοῖς
444 1670 485 1733 τά
508 1677 566 1751 τῆς
588 1671 758 1752 βασιλείας
777 1671 851 1752 ἔχει.
897 1667 1114 1751 (μετάπεμψαι

97 1785 278 1862 τοιγαροῦν
296 1775 410 1841 αὐτόν’
431 1777 563 1860 ἔφησεν,
587 1774 655 1839 ξἵνα
675 1775 722 1863 δῶ
742 1775 859 1856 δίκην.’
906 1775 1014 1856 <238>
1034 1775 1116 1838 ὑπο-
1133 1793 1158 1830 15

91 1870 257 1968 τυχόντος
276 1880 307 1946 δ’
326 1879 487 1948 Ἰωνάθου
507 1881 552 1946 ‘n'
568 1879 599 1946 δ’
621 1881 801 1946 ἀδικοῦντα
822 1881 959 1946 κολάσαι
978 1879 1115 1957 θέλεις;’

100 1988 207 2055 οὐκέτ’
234 1991 285 2071 είς
304 1991 425 2072 λόγους
447 1987 502 2055 καὶ
525 1987 736 2073 βλασφημίας
759 1988 820 2070 τήν
840 1987 945 2072 ὀργήν
968 1986 1116 2051 ὁΣάου-

100 2100 157 2171 λοςΙ
181 2095 367 2177 ἐξήνεγκεν,
397 2092 468 2159 ἀλλ’
495 2094 643 2178 ἁρπάσας
665 2095 703 2157 τὸ
727 2094 810 2178 δόρυ
834 2093 1040 2175 ἀνεπήδησεν
1063 2090 1114 2156 ἐπ’

99 2200 201 2263 αὐτὸν
220 2199 411 2264 ἀποκτείναι
430 2198 549 2263 θέλων.
590 2195 700 2263 καὶτὸ
719 2195 781 2282 μὲν
801 2201 899 2284 ἔργον
918 2198 978 2263 οὐκ
998 2199 1117 2284 ε”δρασε

101 2302 322 2379 διακωλυθεὶς
331 2304 395 2368 ὑπὸ
406 2315 474 2368 τῶν
483 2306 603 2386 φίλων,
617 2306 762 2389 φανερὸς
776 2302 806 2367 δ’
821 2303 950 2385 ἐγένετο
962 2314 1007 2392 τῷ
1021 2304 1117 2370 παιδὶ
1133 2323 1159 2361 ἰο

99 2420 207 2494 μισῶν
224 2408 283 2474 τὸν
301 2410 457 2491 Δαυίδην
474 2407 529 2472 καὶ
549 2410 793 2493 διαχρήσασθαι
811 2417 940 2493 ποθῶν,
964 2411 1009 2487 ὡς
1027 2414 1117 2497 παρὰ

100 2517 219 2600 μικρὸν
243 2512 287 2580 δι’
314 2513 442 2581 ἐκείνου
465 2513 618 2601 αὐτόχειρ
639 2514 778 2581 καὶτοῦ
796 2517 915 2593 παιδὸς
934 2516 1116 2598 γεγονέναι.

49 2638 82 2687 10
167 2622 277 2707 <239>
295 2620 350 2688 καὶ
368 2623 441 2688 τότε
460 2618 521 2708 μὲν
539 2623 557 2689 δ
575 2631 636 2689 τοῦ
655 2622 817 2707 βασιλέως
834 2635 911 2699 παῖς
932 2622 1117 2706 ἐκπηδήσας

101 2727 165 2793 ἀπὸ
185 2737 244 2793 τοῦ
264 2729 412 2812 δείπνου,
431 2727 485 2793 καὶ
500 2725 603 2812 μηδὲν
622 2729 686 2795 ὑπὸ
706 2731 812 2812 λύπης
830 2727 1117 2813 προσενέγκασθαι

101 2834 271 2915 δυνηθείς,
294 2837 419 2898 κλαίων
442 2832 561 2899 ἑαυτὸν
584 2831 645 2918 μὲν
667 2844 727 2898 τοῦ
750 2836 838 2919 παρὰ
857 2836 975 2917 μικρὸν
999 2833 1117 2900 ἀπολέ-
1132 2853 1157 2891 25

102 2943 194 3021 σθαι,
212 2946 272 3002 τοῦ
290 2943 545 3023 κατακεκρίσθαι
565 2937 596 3003 δ’
617 2940 803 3005 ἀποθανεῖν
820 2940 984 3022 Δαυίδην,
1006 2941 1117 3006 διενυ-

101 3041 284 3129 κτέρευσεν.
330 3043 396 3126 ἅμα
424 3042 454 3107 δ’
480 3042 584 3130 ήμέρᾳ
610 3047 674 3127 πρὸ
701 3054 760 3128 τής
781 3048 908 3122 πόλεως
931 3048 978 3121 είς
1001 3048 1037 3111 τὸ
1061 3068 1117 3111 πε-

102 3151 178 3215 δίον
201 3150 246 3226 ῶς
268 3151 517 3233 γυμνασόμενος
540 3149 610 3234 μέν,
634 3151 794 3233 δηλώσων
817 3147 854 3215 δὲ
876 3161 921 3238 τῷ
944 3156 1031 3240 φίλῳ
1056 3153 1118 3234 τήν

102 3265 162 3320 τοῦ
176 3257 299 3340 πατρὸς
313 3255 478 3339 διάθεσιν,
497 3256 542 3333 ὡς
557 3256 728 3339 συνέθετο,
747 3260 885 3343 πρόεισι.
919 3258 1027 3340 <240>
1043 3279 1116 3322 ποι-

102 3363 184 3443 ήσας
211 3360 242 3426 δ’
268 3361 286 3427 δ
308 3360 466 3444 Ἰωνάθης
493 3365 532 3428 τὰ
556 3367 752 3447 συγκείμενα
780 3365 838 3429 τὸν
866 3360 926 3447 μὲν
954 3361 1117 3447 ἑπόμενον
1132 3383 1158 3421 30

176 3487 257 3546 ενοι
277 3508 310 3528 =
332 3492 342 3539 1
361 3484 430 3552 Reg.
449 3482 556 3538 ΧΧεο,
