2400 3840
124 160 189 226 134
491 162 765 214 APXAlvomz

121 321 175 390 ἐπὶ
198 325 258 390 τὸν
280 326 427 409 πόλεμον
447 323 625 410 παρεκάλει
647 325 842 409 προθυμίαν
861 321 1142 402 ἐναποδειῖασθαι

120 426 176 495 καὶ
198 433 312 496 πίστιν
333 428 389 496 καὶ
412 432 555 516 μνήμην,
578 437 612 495 εί
629 453 721 507 τινος
744 441 811 495 τῶν
833 432 974 515 μετρίως
996 428 1142 514 ἐχόντων

119 535 198 623 παρ’
220 536 324 603 αὐτοῦ
348 539 478 622 ἔτυχον·
502 540 685 622 φείσασθαι
708 533 746 602 δὲ
763 532 819 602 καὶ
837 544 898 602 τοῦ
915 538 1037 615 παιδὸς
1053 534 1141 621 Ἀβε-

120 645 276 730 σαλῶμου
299 642 526 729 κρατήσαντας
549 641 732 728 ἠντιβόλει,
759 643 803 728 μὴ
830 644 933 708 κακὸν
959 643 1066 708 αὑτὸν
1090 641 1141 730 ἐρ-

120 749 263 834 γάσηταί
282 774 314 815 τι
337 751 594 833 τελευτησαντος
616 749 729 815 αὐτοῦ.
1152 767 1163 808 ⁶

186 854 242 921 καὶ
265 856 283 921 ὃ
306 852 368 941 μὲν
391 859 488 940 νίκην
515 855 629 932 αύτοῖς
652 854 870 942 ἐπευξάμενος
897 853 1053 940 ἐκπέμπει
1079 858 1141 941 τὴν

84 978 100 1028 2
119 962 290 1048 στρατιάν·
311 959 421 1046 <236>
435 958 572 1046 Ἰωάβου
591 959 629 1027 δὲ
646 961 894 1048 παρατάξαντος
911 961 973 1046 την
992 963 1140 1048 δύναμιν

118 1067 257 1153 ἀντικρύ
288 1079 356 1133 τῶν
387 1071 555 1153 πολεμίων
587 1067 624 1134 ἐν
652 1070 756 1158 πεδίῳ
784 1068 928 1158 μεγάλῳ,
962 1067 1140 1146 ἐξόπισθεν

116 1171 386 1264 περιβεβλημένῳ
419 1176 562 1260 δρυμόν,
599 1174 768 1258 ἀντεξάγει
799 1176 861 1259 την
893 1178 1052 1261 στρατιὰν
1084 1175 1139 1243 καὶ

114 1276 349 1367 Ἀβεσάλωμος.
398 1278 454 1347 καὶ
486 1285 656 1366 συμβολῆς
687 1279 868 1368 γενομένης
899 1284 980 1368 ἔργα
1012 1283 1138 1368 μεγάλα
1151 1303 1172 1342 ιι

117 1399 239 1474 χειρῶν
269 1411 305 1453 τε
335 1383 392 1454 καὶ
423 1389 545 1473 τόλμης
575 1385 653 1473 παρ’
684 1387 882 1475 ἀμφοτέρων
915 1387 1137 1473 ἐπεδείκνυτο,

117 1505 185 1559 τῶν
211 1491 273 1578 μὲν
291 1491 383 1580 ’ὑπὲρ
409 1501 470 1560 τοῦ
493 1494 555 1578 τὴν
576 1497 751 1578 βασιλείαν
778 1495 959 1579 ἀπολαβεῖν
981 1499 1138 1582 Δαυίδην

116 1602 474 1685 παρακινδυνευόντων
490 1597 546 1666 καὶ
562 1600 651 1686 πάση
668 1604 842 1688 προθυμίᾳ
859 1601 1051 1688 χρωμένων,
1069 1616 1138 1670 τῶν

118 1704 161 1790 δ’,
185 1708 241 1773 ἵνα
264 1709 307 1793 μὴ
330 1708 455 1792 ταύτην
475 1705 702 1793 Ἀβεσάλωμος
728 1706 912 1794 ἀφαιρεθῇ,
940 1708 996 1774 καὶ
1020 1712 1068 1800 δῷ
1090 1721 1136 1799 τῷ

116 1811 216 1901 πατρὶ
253 1815 347 1894 δίκας
382 1811 562 1891 κολασθεὶς
597 1811 677 1880 ἀνθ’
717 1809 766 1880 ὧν
802 1813 998 1900 ἐτόλμησεν,
1035 1815 1136 1884 οὐδὲν
1149 1833 1171 1876 1⁵

116 1921 309 1988 ὀκνούντων
340 1923 417 1988 ούτε
443 1932 554 1988 ποιεῖν
580 1921 658 1986 ούτε
684 1921 832 2007 πάσχειν.
877 1921 995 2006 <237>
1022 1925 1071 1989 ἔτι
1099 1922 1136 1990 δὲ

116 2038 183 2092 τῶν
210 2025 272 2111 μὲν
298 2031 478 2111 πλειόνων,
505 2028 562 2092 ἵνα
585 2028 629 2112 μη
652 2034 866 2113 κρατηθῶσιν
888 2028 953 2093 ὑπὸ
981 2040 1050 2094 τῶν
1074 2034 1136 2096 σὺν

112 2129 235 2219 Ἰωάβῳ
262 2131 318 2198 καὶ
344 2145 415 2210 τοῖς
441 2135 506 2198 σὺν
537 2133 626 2222 αὐτῷ
654 2146 849 2220 στρατηγοῖς
876 2137 985 2201 όντων
1011 2136 1135 2220 ὀλίγων

42 2312 45 2317 1
117 2235 294 2322 (αἰσχύνην
321 2239 384 2322 γάρ
412 2238 526 2315 αὐτοῖς
552 2237 643 2303 τοῦτ’
673 2235 759 2305 εἶναι
787 2240 974 2328 μεγίστην),
1001 2253 1070 2307 τῶν
1098 2240 1134 2309 δὲ

34 2335 38 2343 ’
114 2342 270 2407 Δαυίδου
293 2353 516 2427 στρατιωτῶν,
545 2344 601 2408 ἵνα
623 2347 793 2411 τοσούτων
819 2348 993 2434 μυριάδων
1015 2353 1135 2435 κρατή·
1148 2367 1171 2408 2⁰

116 2464 230 2531 σωσιν,
253 2446 545 2534 φιλοτιμουμένων
568 2452 637 2538 ἐρις
660 2449 790 2535 ἐγένετο
813 2454 964 2540 καρτερά.
1005 2453 1060 2521 καὶ
1085 2483 1134 2522 νι-

114 2565 219 2620 κῶσιν
246 2556 281 2622 οί
305 2558 475 2642 Δαυίδου,
507 2557 601 2645 ῥώμη
627 2582 663 2624 τε
689 2561 903 2646 προάγοντεςΙ
917 2559 972 2626 καὶ
1000 2572 1039 2648 τῇ
1066 2576 1134 2630 τῶν

114 2666 304 2747 πολεμικῶν
322 2662 491 2751 ἐπιστήμη.
533 2667 643 2752 <238>
661 2668 847 2751 φεύγοντας
866 2663 902 2732 δέ
921 2668 977 2733 διά
996 2670 1134 2755 δρυμῶν

114 2767 170 2834 καὶ
193 2771 377 2858 φαράγγῶν
401 2769 555 2857 ἑπόμενοι
578 2774 656 2850 τοὺς
679 2770 740 2857 μὲν
763 2772 965 2859 ἐλάμβανον,
988 2781 1134 2855 πολλοὺς

116 2873 146 2939 δ’
172 2873 331 2961 ἀνῄρουν,
357 2877 402 2953 ὡς
424 2879 611 2961 φεύγοντας
632 2890 747 2944 πεσεῖν
768 2884 924 2961 πλείονας
946 2879 966 2964 ἢ
990 2882 1171 2967 μαχομέ-εῠ

114 3001 209 3058 νους·
232 2982 351 3046 ἔπεσον
371 2975 435 3066 γάρ
454 2981 500 3058 ὡς
518 2983 688 3069 δισμύριοι
707 2981 757 3049 ἐπ’
780 2985 906 3070 ἐκείνης
923 2995 982 3069 τῆς
998 2987 1132 3074 ἡμέρας.

115 3088 151 3152 οί
172 3083 209 3153 δὲ
231 3095 292 3153 τοῦ
310 3087 465 3151 Δαυίδου
487 3086 608 3165 πάντες
628 3089 786 3174 ὥρμησαν
805 3089 858 3157 ἐπὶ
876 3093 936 3157 τὸν
951 3091 1133 3177 Ἀβεσάλω-

115 3214 192 3276 μον·
216 3195 362 3281 φανερὸς
384 3194 447 3278 γάρ
471 3192 585 3270 αὐτοῖς
606 3194 673 3260 ὑπό
695 3219 731 3260 τε
753 3205 813 3262 τοῦ
831 3199 973 3275 κάλλους
994 3198 1050 3265 καὶ
1071 3211 1132 3267 τοῦ

115 3298 281 3381 μεγέθους
308 3299 447 3385 ἐγένετο.
493 3299 602 3382 <239>
630 3301 743 3377 δείσας
770 3299 807 3367 δὲ
833 3304 877 3387 μη
899 3306 1132 3390 καταλάβωσιν

115 3403 219 3469 αὐτὸν
240 3406 277 3471 οί
296 3405 462 3492 πολέμιοι,
490 3403 606 3488 ἐπιβάς
632 3414 691 3490 τῆς
712 3406 853 3492 ἡμιόνου
875 3418 934 3494 της
958 3415 1132 3498 βασιλικῆς
1146 3431 1172 3472 ³0

186 3529 272 3592 §236
293 3551 326 3572 -=
345 3534 361 3583 2
380 3527 449 3596 Reg.
469 3525 559 3581 XVIII
574 3533 598 3582 4.
