2400 3840
518 109 643 160 οΓΔοΗ
1024 108 1088 173 227

69 268 127 334 καὶ
150 271 228 345 τοὺς
250 266 307 334 ὑπ’
333 269 437 334 αὐτοῦ
460 266 661 355 γενομένους
683 279 866 356 προσκυνεῖ
885 271 1002 354 θεούς,
1027 272 1089 355 τήν

71 375 154 460 ἐμήν
185 377 312 440 θυσίαν
344 374 571 457 ἐγκαταλιπόν.
621 375 738 460 <272>
769 378 811 441 σὺ
844 372 892 459 δ’,
924 371 949 441 ὦ
978 378 1088 461 γύναι,

69 479 164 547 ταῦτ’
195 481 427 564 ἀπαγγελοῦσα
455 481 576 546 σπεῦδε
603 483 687 569 πρὸς
713 483 773 547 τὸν
800 482 916 567 ἀνδρα.
965 483 1025 548 τὸν
1041 480 1085 547 Ιδ’

67 590 148 654 υίὸν
170 589 352 670 καταλήψει
373 590 571 671 τεθνηκότα·
595 596 657 653 σού
679 589 743 674 γάρ
768 589 936 671 εἰσιούσης
956 590 1004 665 είς
1026 588 1088 671 τήν
1154 666 1161 673 ,

33 713 48 755 ε
66 698 170 760 πόλιν
189 694 361 773 ἀπολείψει
378 696 415 760 τὸ
436 697 493 779 ζῆν
512 694 624 761 αὐτόν.
659 696 840 780 ταφήσεται
857 691 894 759 δὲ
906 692 1088 772 κλαυσθεὶς

64 802 133 866 ὑπὸ
157 808 218 866 τοῦ
240 800 393 882 πλήθους
415 802 549 883 παντός,
570 809 673 888 κοινῷ
695 797 848 884 τιμηθεὶς
872 797 1003 866 πένθει·
1030 798 1087 865 καὶ

64 908 131 993 γάρ
156 908 258 990 μόνος
279 915 348 971 τῶν
371 903 406 969 ἐκ
428 913 489 970 τοῦ
509 903 720 993 Ἱεροβοάμου
743 904 862 988 γένους
880 905 1008 989 ἀγαθὸς
1031 902 1087 972 οὗ·

63 1036 124 1089 τος
146 1007 210 1096 ήν.’
255 1011 364 1096 <273>
387 1008 479 1076 ταῦτ’
505 1010 609 1076 αὐτοῦ
631 1014 924 1099 προφητεύσαντος
947 1011 1086 1097 ἐκπηδή-

64 1134 154 1184 σασα
171 1117 192 1201 ή
212 1117 297 1201 γυνη
315 1115 539 1204 τεταραγμένη
557 1115 613 1183 καὶ
631 1127 676 1206 τῷ
694 1127 755 1184 τοῦ
774 1116 950 1206 εἰρημένου
967 1120 1087 1195 παιδὸς

15 1246 47 1286 ιο
64 1224 204 1313 θανάτφ
231 1224 426 1311 περιαλγής,
457 1228 632 1311 θρηνοῦσα
664 1225 720 1289 διδ
747 1233 807 1308 τῆς
834 1225 915 1290 ὁδοῦ
941 1222 997 1289 καὶ
1024 1225 1086 1308 τήν

66 1328 256 1414 μέλλουσαν
278 1338 339 1394 τοῦ
361 1327 480 1395 τέκνου
501 1327 690 1415 κοπτομένη
709 1331 876 1414 τελευτήν,
899 1329 1002 1395 ἀθλία
1024 1338 1085 1394 τοῦ

65 1435 201 1512 πάθους
222 1435 374 1518 ήπείγετο
401 1441 515 1514 κακοῖς
537 1435 719 1521 ἀμηχάνοις
740 1434 796 1501 καί
820 1436 949 1522 σπουδή
973 1435 1087 1521 ἀτυχεῖ

64 1538 129 1627 μέν
142 1539 294 1629 χρωμένη
309 1542 365 1606 διά
383 1543 443 1608 τδν
460 1542 538 1608 υίόν
556 1539 685 1630 (ἔμελλε
699 1542 763 1627 γὰρ
777 1541 880 1608 αὐτὸν
895 1540 1085 1626 ἐπειχθεῖσα

64 1655 195 1714 θᾶττον
216 1650 361 1727 δύεσθαι
383 1645 517 1735 νεκρόν)
546 1647 710 1735 ἀναγκαία
737 1645 775 1713 δὲ
802 1649 859 1713 διδ
885 1651 944 1714 τὸν
967 1650 1084 1735 ἀνδρα.

21 1772 49 1818 ‘15
64 1751 121 1819 καί
144 1749 397 1841 παραγενομένη
420 1755 480 1819 τὸν
503 1750 565 1838 μὲν
583 1753 835 1838 ἐκπεπνευκότα,
857 1755 972 1831 καθὼς
993 1749 1084 1819 εἶπεν

65 1861 83 1926 ὁ
107 1861 290 1946 προφήτης,
313 1855 405 1947 ηὗρε,
427 1869 473 1949 τῷ
496 1856 535 1924 δὲ
557 1864 689 1945 βασιλεῖ
708 1858 816 1924 πάντα
839 1858 1047 1942 ἀπήγγειλεν.
1070 1904 1072 1908 -

132 1967 249 2050 <274>
275 1964 482 2051 Ἱεροβόαμος
509 1963 541 2030 δ’
571 1965 710 2043 οὐδενὸς
735 1966 865 2031 τούτων
891 1967 1118 2052 φροντίσας,κ

63 2073 193 2156 πολλήν
220 2070 384 2159 ἀθροίσας
411 2073 569 2160 στρατιάν
600 2070 653 2137 ἐπὶ
679 2073 740 2138 τὸν
762 2069 943 2156 Ῥοβοάμου
970 2073 1084 2157 παῖδα,

63 2190 132 2245 τῶν
156 2179 218 2243 δύο
241 2183 361 2262 φυλῶν
383 2167 452 2262 τήν
466 2181 639 2263 βασιλείαν
661 2186 722 2245 τοῦ
744 2180 868 2266 πατρὸς
893 2176 1083 2263 διαδεξάμε-

23 2306 49 2346 εο
62 2309 141 2370 νον,
166 2282 281 2368 Ἀβίαν
305 2282 535 2372 ἐξεστράτευσε
562 2286 770 2371 πολεμήσων·
798 2287 995 2373 κατεφρόνει
1018 2286 1081 2371 γάρ

63 2391 168 2457 αὐτοῦ
192 2392 248 2457 διά
271 2391 333 2475 τήν
354 2390 496 2475 ἡλικίαν.
542 2392 568 2458 δ’
581 2391 611 2457 δ’
632 2392 778 2469 ἀκούσας
795 2392 858 2475 τὴν
878 2393 1003 2476 ἔφοδον
1020 2392 1082 2474 τήν

58 2499 271 2585 Ἱεροβοάμου
297 2499 381 2585 πρὸς
408 2496 514 2580 αὐτήν
541 2498 582 2563 ού
608 2497 810 2580 κατεπλάγη,
841 2499 1020 2581 γενόμενος
1048 2494 1079 2561 δ’

63 2603 173 2670 ἐπάνω
196 2602 252 2670 καὶ
273 2613 333 2688 τής
350 2606 505 2688 νεότητος
521 2612 568 2690 τῷ
587 2604 776 2688 φρονήματι
793 2599 849 2666 καὶ
872 2609 930 2684 τῆς
948 2599 1082 2677 ἐλπίδος

61 2720 122 2776 τοῦ
150 2713 326 2796 πολεμίου,
353 2710 511 2797 στρατιὰν
539 2706 688 2786 ἐπιλέξας
715 2705 751 2772 ἐκ
777 2716 846 2773 τῶν
873 2706 934 2770 δύο
962 2710 1081 2789 φυλῶν

20 2834 47 2876 2⁵
63 2817 231 2901 ἀπήντησε
259 2825 306 2905 τῷ
329 2814 525 2905 Ἱεροβοάμφ
559 2812 606 2892 είς
636 2816 740 2880 τόπου
771 2813 847 2879 τινὰ
874 2813 1082 2896 καλούμενον

61 2924 141 3008 ’όρος
168 2924 349 3008 Σεμαρών,
375 2919 431 2987 καὶ
459 2919 824 3008 στρατοπεδευσάμενος
853 2917 951 3002 ἐγγὺς
978 2917 1081 2983 αὐτοῦ

60 3030 101 3094 τά
124 3030 209 3114 πρὸς
231 3028 293 3111 τήν
315 3029 424 3115 μάχην
447 3027 648 3115 ηύτρέπιζεν.
694 3026 804 3112 <275>
823 3020 866 3110 ήν
889 3021 919 3089 δ’
940 3024 961 3109 η
981 3024 1081 3088 δύνα-

60 3159 117 3220 μις
136 3136 241 3202 αὐτοῦ
260 3134 419 3222 μυριάδες
436 3135 686 3222 τετταράκοντα,
704 3132 725 3217 ή
745 3129 783 3197 δὲ
799 3141 859 3198 τοῦ
869 3129 1081 3218 Ἱεροβοάμου

61 3241 199 3327 στρατιά
232 3243 418 3308 διπλασίων
450 3240 585 3324 ἐκείνης.
637 3240 683 3316 ὡς
714 3235 752 3304 δὲ
783 3239 823 3302 τά
856 3237 1080 3322 στρατεύματα

20 3364 46 3406 ³0
60 3349 145 3435 πρὸς
171 3341 277 3435 τᾶργα
303 3345 359 3413 καί
386 3350 465 3425 τούς
490 3348 671 3423 κινδύνους
703 3343 992 3431 ἀντιπαρετάττετο
1024 3340 1080 3408 καὶ

133 3473 216 3536 §272
236 3495 269 3516 =
290 3469 388 3540 3Reg.
403 3468 469 3524 XIV
485 3474 525 3523 12.
599 3471 684 3536 §2⁷4
702 3492 737 3515 =
754 3463 1015 3584 QYmX.X}Yx¹2.

885 3557 925 3610 Χῖ)
