2400 3840
508 157 631 209 ENATH
1010 157 1075 224 289

58 318 178 399 ὅρκους
200 307 251 393 οἷς
273 317 310 381 τὸ
335 313 429 394 ἀδεές
451 318 539 402 παρά
562 328 630 382 τῶν
651 319 905 403 συνεργούντων
923 323 1075 402 βεβαιοῦ-

57 446 122 505 ται,
144 423 180 486 τὸ
205 424 325 487 λοιπὸν
348 422 484 510 ἐθάρρει
511 436 583 502 ταῖς
610 427 692 490 κατά
715 431 773 508 τῆς
797 427 963 502 Γοθολίας
987 422 1075 489 ἐλπί-

56 546 121 592 σιν.
163 528 273 611 <144>
297 529 332 593 οί
353 527 384 592 δ’
411 530 531 615 ἀνδρες
553 529 612 607 οὓς
635 531 653 596 δ
678 532 784 616 ίερεὺς
804 528 935 607 Ἰώδαος
958 554 1075 596 κοινω-

54 637 137 710 νοὺς
155 642 214 716 τῆς
231 631 380 718 πράξεως
397 636 605 721 παρειλήφει,
627 634 926 721 περιπορευθέντες
945 638 1075 702 δίκασαν

24 741 117 822 ττήν
150 741 275 825 χώραν,
307 744 386 818 τοὺς
417 742 516 826 ίερεῖς
544 739 600 806 καὶ
630 744 708 819 τοὺς
736 745 879 820 Λευίτας
909 741 941 820 ἐξ
974 743 1076 826 αὐτῆς

55 847 278 931 ἀθροίσαντες
304 845 359 911 καὶ
386 850 465 924 τοὺς
491 858 559 913 τῶν
587 853 705 931 φυλῶν
728 851 968 933 προεστηκότας
993 844 1076 931 ήκον

56 954 194 1034 ἀγοντες
217 955 265 1030 είς
284 951 496 1039 Ἱεροσόλυμα
523 957 607 1040 πρὸς
633 957 694 1020 τὸν
717 953 878 1041 ἀρχιερέα.
923 955 1032 1040 <145>
1056 957 1073 1021 δ

56 1055 95 1122 δὲ
109 1061 221 1123 πίστιν
240 1059 360 1144 ᾔτησεν
379 1059 502 1138 αὐτοὺς
520 1063 670 1146 ἔνορκον,
690 1057 711 1144 ἦ
731 1063 796 1146 μήν
815 1060 975 1145 φυλάξειν
994 1064 1074 1148 ὅπερ

57 1164 100 1228 ἀν
128 1164 282 1248 μάθωσιν
310 1165 499 1252 ἀπόρρητον
526 1164 603 1252 παρ’
630 1167 747 1250 αὐτοῦ,
775 1178 900 1251 σιωπῆς
927 1170 993 1253 ἀμα
1019 1167 1075 1234 καὶ

13 1293 40 1330 10
57 1270 273 1356 συμπράξεως
305 1272 473 1356 δεόμενον.
526 1272 571 1350 ὡς
604 1271 634 1337 δ’
667 1269 813 1358 ἀσφαλες
845 1274 933 1361 αὐτῷ
966 1275 1075 1358 λέγειν

57 1379 278 1462 ὀμωμοκότων
305 1375 450 1463 ἐγένετο,
477 1380 681 1465 παραγαγὼν
708 1379 748 1444 δν
776 1378 811 1444 έκ
838 1389 897 1444 τοῦ
920 1382 1075 1445 Δαυίδου

56 1482 177 1563 γένους
200 1485 347 1570 ἔτρεφεν,
371 1478 481 1562 “οὗτος
501 1484 593 1568 ύμῖν’
618 1481 688 1550 είπε
711 1484 877 1568 εβασιλεὺς
896 1484 929 1563 ἐξ
949 1485 1075 1570 ἐκείνης

56 1598 116 1671 τῆς
138 1592 244 1667 οίκίας
266 1590 309 1673 ἣν
333 1596 402 1656 ῖστε
424 1591 484 1654 τὸν
507 1593 591 1656 θεὸν
613 1591 694 1675 ὑμῖν
719 1593 994 1678 προφητεύσαντα
1017 1597 1076 1677 βα-

57 1696 224 1761 σιλεύσειν
247 1699 323 1783 ἀχρι
341 1706 401 1762 τοῦ
420 1697 543 1773 παντὸς
562 1699 696 1782 χρόνου.
738 1697 848 1781 <146>
867 1710 1018 1784 παραινῶ
1038 1696 1076 1764 δέ

13 1820 41 1859 15
56 1801 119 1882 τήν
142 1804 258 1886 τρίτην
279 1802 374 1886 ὑμῶν
397 1813 518 1888 μοῖραν
542 1801 723 1884 φυλάττειν
746 1802 849 1867 αὐτὸν
868 1801 904 1867 έν
922 1813 968 1891 τῷ
988 1806 1076 1891 ίερῷ,

56 1907 119 1989 τήν
143 1904 180 1972 δε
202 1908 361 1995 τετάρτην
387 1920 460 1984 ταῖς
485 1908 606 1984 πύλαις
634 1905 812 1992 ἐφεστάναι
837 1917 897 1973 τοῦ
919 1907 1077 1993 τεμένους

57 2013 209 2096 άπάσαις,
232 2013 254 2096 δή
278 2011 315 2079 δε
338 2016 418 2099 μετά
441 2015 565 2097 ταύτην
584 2011 683 2097 ἐχέτω
703 2014 765 2096 τήν
783 2023 841 2096 τής
859 2013 1077 2099 ἀνοιγομένης

57 2115 112 2182 καὶ
137 2119 305 2205 φερούσης
328 2121 376 2197 είς
398 2121 435 2185 τὸ
458 2122 630 2204 βασίλειον
657 2119 763 2203 πύλης
786 2121 954 2203 φυλακήν,
982 2122 1018 2185 τὸ
1044 2118 1074 2185 δ’

57 2226 140 2290 ἀλλο
165 2230 296 2309 πλῆθος
323 2227 450 2291 ἀοπλον
478 2225 515 2291 έν
542 2235 587 2314 τῷ
616 2228 693 2313 ίερηῖ
720 2225 922 2311 τυγχανέτω·
950 2224 1077 2311 μηδένα

13 2350 42 2390 20
58 2328 90 2394 δ’
117 2331 256 2415 ὁπλίτην
283 2333 449 2427 εἰσελθεῖν
477 2331 593 2416 έάσητε
620 2331 641 2415 ή
668 2335 773 2416 μόνον
801 2333 911 2420 ίερέα.’
958 2335 1075 2418 <147>

58 2435 273 2521 προσδιέταξε
292 2434 329 2503 δε
346 2439 478 2516 τούτοις
492 2437 591 2524 μέρος
604 2461 637 2503 τι
651 2449 718 2504 τῶν
733 2438 850 2528 ίερέων
863 2439 919 2506 καὶ
933 2442 1077 2517 Λευίτας

57 2540 135 2627 περὶ
163 2544 266 2609 αὐτὸν
293 2537 379 2609 εἶναι
406 2545 466 2609 τὸν
496 2542 634 2626 βασιλέα
666 2555 738 2621 ταῖς
767 2549 943 2630 μαχαίραις
974 2546 1077 2611 αὐτὸν

59 2648 279 2734 ἐσπασμέναις
297 2652 582 2737 δορυφοροῦντας,
600 2649 660 2713 τὸν
678 2645 716 2713 δε
732 2650 940 2732 τολμήσαντα
958 2656 1077 2735 παρελ-

58 2763 138 2820 θεῖν
160 2759 209 2833 είς
231 2758 268 2822 τὸ
292 2755 384 2843 ίερδν
410 2752 619 2838 ὡπλισμένον
642 2752 855 2840 ἀναιρεῖσθαι
882 2758 1077 2840 παραυτίκα,

15 2878 43 2919 25
60 2849 235 2939 δείσαντας
258 2857 296 2926 δὲ
318 2858 422 2946 μηδεν
445 2869 646 2948 παραμεῖναι
673 2868 712 2944 τῇ
740 2864 872 2945 φυλακή
899 2868 959 2925 τοῦ
985 2864 1078 2944 βασι-

59 2965 151 3043 λέως.
188 2967 298 3051 <148>
320 2963 377 3032 καὶ
400 2969 436 3031 οἳ
450 2963 512 3050 μέν
530 2956 582 3042 οἷς
600 2965 617 3032 ὁ
637 2965 808 3052 ἀρχιερεὺς
827 2968 1078 3051 συνεβούλευσε,

59 3075 191 3150 τούτοις
205 3071 399 3149 πεισθέντες
418 3074 503 3162 ἔργῳ
522 3073 583 3155 τήν
599 3075 794 3160 προαίρεσιν
813 3072 967 3157 ἐδήλουν·
987 3072 1078 3138 ἀνοί-

60 3179 118 3255 ξας
136 3177 167 3242 δ’
185 3177 318 3256 Ἰάδαος
340 3179 402 3261 τήν
421 3177 458 3243 έν
476 3187 522 3266 τῷ
541 3180 618 3268 ἱερῷ
638 3179 841 3263 ὁπλοθήκην,
864 3179 907 3262 ήν
927 3181 1079 3262 Δαυίδης

59 3286 292 3368 κατεσκεύασε,
330 3282 495 3370 διεμέρισε
531 3295 601 3362 τοῖς
637 3284 888 3371 ἑκατοντάρχοις
925 3286 991 3371 ἅμα
1023 3284 1078 3350 καὶ

19 3408 46 3446 30
63 3392 188 3475 ίερεῦσι
206 3389 261 3455 καὶ
276 3393 433 3468 Λευίταις
451 3388 575 3455 ἀπανθ’
602 3388 652 3456 ύσ’
674 3385 776 3478 ηὗρεν
795 3389 832 3457 έν
854 3391 935 3476 αύτή
955 3393 1079 3478 δόρατά

134 3517 148 3575 ξ
166 3515 217 3564 144
237 3537 271 3556 ==
289 3518 306 3566 4
320 3511 389 3580 Reg.
404 3511 442 3564 XI
457 3518 486 3579 43
506 3517 522 3566 2
537 3510 630 3566 Paral.
645 3510 781 3568 Kffi‘l.

116 3610 239 3648 Iosmus,
267 3609 297 3651 H.
914 3604 954 3652 Ἦ
