2400 3840
126 149 189 213 118
496 147 771 199 APXAIOAOPm:

124 310 289 378 ἐπιλιπεῖν
311 311 372 394 τῆν
398 309 508 393 πηγὴν
535 305 774 392 δαψιλέστερον
796 305 996 392 χρωμένους.
1037 307 1147 390 <160>

124 418 246 503 γράφει
274 418 315 501 δη
344 425 389 505 τῷ
417 420 549 501 βασιλεῖ
573 425 676 480 ταῦτα
707 415 832 497 δηλῶν,
859 413 915 479 καὶ
942 419 1146 498 παρακαλῶν

124 525 229 590 αὐτὸν
256 522 309 590 ἐπὶ
336 523 398 607 τῆν
427 523 558 608 αἵρεσιν
584 531 644 605 τῆς
674 523 801 598 πόλεως
833 520 961 604 ἐλθεῖν,
994 519 1052 584 ἵνα
1084 520 1146 602 τῆν

124 635 222 713 νίκην
243 630 342 706 αὐτὸς
361 627 536 715 ἐπιγραφῆ.
573 625 665 693 ταῦτ’
684 625 821 711 Ἰωάβου
840 627 1041 712 γράψαντος,
1065 625 1146 690 άπο-

125 736 302 821 δεξάμενος
324 735 426 800 αὐτὸν
448 743 508 818 τῆς
531 735 664 811 εὐνοίας
685 731 741 799 καὶ
764 743 823 818 τῆς
844 737 984 809 πίστεως
1008 733 1026 799 ὁ
1051 737 1168 817 βασι-ι

124 844 211 925 λεύς,
234 842 436 925 παραλαβὼν
458 842 520 924 τὴν
543 843 608 906 σύν
629 841 719 929 αὐτῷ
744 842 889 925 δύναμιν
910 835 991 924 ἧκεν
1010 839 1065 906 ἐπὶ
1084 841 1144 923 τὴν

124 958 183 1031 τῆς
201 946 363 1030 Ῥαβαθᾶς
389 949 574 1033 πόρθησιν,
601 945 656 1012 καὶ
683 949 766 1013 κατὰ
792 948 913 1034 κράτος
938 945 1023 1013 ἑλὼν
1051 949 1144 1033 διαρ-

122 1053 225 1118 πάσαι
247 1063 317 1129 τοῖς
339 1055 555 1139 στρατιώταις
577 1052 709 1136 ἐφῆκεν.
755 1053 873 1137 <161>
899 1051 1000 1130 αὐτὸς
1023 1049 1062 1118 δέ
1085 1055 1143 1118 τὸν

122 1166 183 1223 τοῦ
205 1156 367 1241 βασιλέως
388 1170 457 1224 τῶν
474 1157 682 1244 Ἀμμανιτῶν
704 1158 865 1243 λαμβάνει
889 1156 1068 1242 στέφανον,
1092 1159 1143 1224 ἕλ-

122 1288 224 1332 κοντα
246 1275 373 1351 χρυσοῦ
395 1266 569 1349 τάλαντον,
591 1268 646 1330 καί
664 1271 830 1349 πολυτελῆ
848 1268 950 1331 λίθον
968 1267 1088 1348 ἔχοντα
1107 1264 1143 1330 ἐν
1156 1285 1177 1325 ω

123 1370 211 1461 με’σφ
241 1373 439 1458 σαρδόννχα.
485 1370 599 1458 ἐφόρει
628 1369 659 1435 δ’
689 1371 792 1437 αὐτόν
825 1369 878 1438 ἐπὶ
905 1381 964 1455 τῆς
994 1378 1143 1456 κεφαλῆς

123 1478 180 1541 διὰ
194 1479 317 1554 παντὸς
330 1478 490 1560 Δαυίδης.
526 1479 633 1542 πολλὰ
652 1472 690 1541 δέ
707 1474 763 1541 καὶ
782 1478 866 1543 άλλα
885 1484 989 1543 σκῦλα
1008 1481 1143 1564 λαμπρά

120 1580 178 1648 καὶ
200 1585 365 1668 πολύτιμα
387 1578 491 1668 ηὗρεν
519 1582 556 1649 ἐν
579 1592 617 1668 τῆ
641 1585 750 1666 πόλει,
778 1586 857 1661 τοὺς
885 1582 916 1648 δ’
943 1585 1069 1669 ἄνδρας
1092 1588 1143 1650 αί-

121 1689 299 1775 κισάμενος
326 1687 509 1776 διέφθειρε.
557 1689 661 1754 ταύτά
694 1687 731 1754 δὲ
761 1688 818 1754 καὶ
849 1690 908 1766 τὰς
940 1690 1042 1766 άλλας
1074 1703 1143 1756 τῶν

119 1782 328 1882 Ἀμμανιτῶν
349 1799 462 1873 πόλεις
485 1793 653 1879 διέθηκεν,
676 1793 762 1860 ἑλὼν
784 1795 886 1872 αὐτὰς
908 1796 990 1860 κατά
1012 1797 1143 1881 κράτος.
1158 1817 1180 1858 ιι

83 1904 103 1970 8
191 1905 299 1988 <162>
322 1901 590 1991 ἀναστρέψαντος
610 1899 641 1966 δ’
663 1903 711 1979 είς
729 1899 940 1989 Ἱεροσόλυμα
963 1911 1024 1968 τοῦ
1047 1907 1143 1987 βασι-

122 2010 220 2094 λέως,
251 2022 396 2095 πταῖσμα
427 2010 532 2075 αὐτοῦ
563 2008 625 2105 τῆν
652 2010 762 2073 οίκίαν
790 2006 823 2086 ἐξ
850 2011 959 2084 αίτιάς
985 2010 1143 2093 τοιαύτης

121 2117 374 2199 καταλαμβάνει.
424 2115 576 2198 θυγάτηρ
604 2108 648 2196 ῆν
674 2115 764 2202 αὐτῷ
795 2113 965 2201 παρθένος
992 2112 1054 2199 μὲν
1082 2119 1142 2199 ἐτι,-

116 2221 158 2284 τὸ
187 2216 224 2283 δέ
251 2220 372 2296 κάλλος
399 2220 578 2304 εὐπρεπῆς,
606 2219 651 2296 ὡς
677 2218 806 2297 ἁπάσας
833 2221 1055 2308 ὑπερβάλλειν
1082 2225 1142 2299 τὰς

122 2324 370 2409 εὐμορφοτάτας
392 2335 566 2407 γυναῖκας,
596 2325 735 2409 Θαμάρα
758 2327 874 2412 όνομα,
899 2321 1012 2412 τῆςδ’
1039 2328 1143 2412 αὐτῆς
1157 2349 1182 2388 εο

118 2426 334 2520 Ἀβεσαλώμφ
366 2431 489 2516 μητρὸς
519 2441 789 2513 κεκοινωνηκυῖα.
835 2433 943 2516 <163>
974 2435 1095 2516 ταύτης
1123 2435 1141 2501 ὁ

121 2537 346 2621 πρεσβύτατος
378 2547 446 2602 τῶν
472 2537 627 2602 Δαυίδου
658 2537 789 2602 παίδων
813 2535 943 2624 Ἀμνὼν
975 2538 1141 2624 ἐρασθείς,

121 2641 167 2720 ὡς
190 2643 267 2709 ούτε
289 2644 345 2710 διὰ
368 2644 430 2728 τῆν
454 2645 643 2730 παρθενίαν
669 2644 772 2727 αὐτῆς
799 2645 876 2710 οὔτε
904 2646 959 2710 διά
985 2646 1048 2728 τῆν
1076 2670 1141 2730 φυ-

121 2751 227 2834 λακῆν
245 2764 359 2837 τυχεῖν
376 2759 435 2834 τῆς
453 2749 634 2835 ἐπιθυμίας
650 2748 802 2835 ἐδύνατο,
819 2758 969 2835 χαλεπῶς
988 2751 1140 2837 διέκειτο,

120 2857 176 2923 καὶ
200 2862 238 2923 τό
260 2882 296 2924 τε
319 2869 412 2943 σῶμα
435 2866 493 2941 τῆς
516 2853 644 2942 ὀδύνης
666 2857 769 2922 αὐτὸν
794 2860 1037 2941 κατεσθιούσης
1063 2884 1140 2925 κατ·
1155 2879 1180 2920 τε

122 2968 308 3049 ισχναίνετο
327 2961 382 3029 καὶ
401 2964 462 3045 τῆν
479 2965 584 3049 χρόαν
602 2961 809 3048 μετέβαλλεν.
850 2964 959 3047 <164>
982 2966 1083 3048 δῆλος
1103 2963 1140 3031 δέ

120 3081 224 3137 ταῦτα
242 3069 378 3153 πάσχων
396 3072 524 3150 γίνεται
539 3065 682 3155 Ἰωνάθη
705 3068 771 3134 τινὶ
790 3082 946 3153 συγγενεῖ
961 3069 1016 3136 καὶ
1037 3075 1139 3161 φίλφ·

120 3179 259 3254 συνετὸς
283 3173 313 3240 δ’
339 3169 382 3258 ἦν
405 3168 502 3251 οὗτος
525 3172 562 3239 ἐν
584 3185 655 3252 τοῖς
672 3175 813 3260 μάλιστα
831 3176 886 3242 καὶ
904 3177 965 3260 τῆν
984 3178 1139 3244 διάνοιαν

119 3281 207 3360 ὀξύς.
249 3283 339 3368 δρῶν
362 3276 424 3347 οὖν
446 3278 525 3346 καθ’
551 3279 691 3365 ἑκάστην
713 3282 830 3370 πρμόαν
849 3286 909 3350 τόν
924 3282 1075 3369 Ἀμνῶνα
1093 3287 1138 3369 μῆ

118 3389 201 3455 κατὰ
224 3389 329 3472 φύσιν
348 3391 466 3472 ἔχοντα
483 3396 529 3475 τῷ
548 3389 685 3472 σώματι,
707 3391 906 3474 προσελθὼν
923 3390 1034 3477 ἠρώτα
1053 3393 1138 3476 φρά-
1152 3410 1179 3450 εο

192 3511 279 3573 §160
299 3533 332 3552 =
351 3514 367 3562 2
387 3508 455 3576 Reg.
474 3508 582 3562 XH27.

355 3756 481 3786 Α
