2400 3840
513 153 639 228 oerH
856 213 860 217 ,
1020 153 1084 220 175

63 315 149 399 πρὸς
172 312 277 395 αὑτὴν
300 314 476 398 μεταφέρει
498 310 553 378 καί
576 315 614 378 τὸ
637 316 757 399 νεκρὸν
780 313 861 398 ἐμοῦ
879 315 1086 400 κοιμωμένης

63 422 114 497 εἰς
146 421 204 497 τάς
232 418 376 501 ἀγκάλας
403 443 469 504 μου
496 423 642 503 τίθησιν.
687 421 782 504 <29>
809 443 881 509 πρφ
909 418 946 485 δέ
973 422 1085 505 θηλὴν

64 525 177 613 ὀρέξαι
200 523 386 610 βουλομένη
410 534 455 613 τῷ
477 527 600 617 παιδίω
628 529 665 592 τὸ
693 523 755 612 μέν
780 526 860 612 ἐμὸν
884 528 944 611 οὐχ
967 522 1084 612 ηὗρον,

61 637 102 699 τὸ
127 630 164 697 δὲ
186 634 307 715 ταύτης
334 634 453 718 νεκρὸν
481 633 548 716 ὁρῶ
572 657 629 718 μοι
656 637 911 720 παρακείμενον·
940 633 1085 719 ἀκριβῶς

30 741 129 825 τγάρ
161 740 391 821 κατανοήσασα
422 737 512 804 τοῦτ’
543 738 701 822 ἐπέγνων.
751 741 833 805 ὅθεν
865 740 991 805 ἀπαιτῶ
1024 742 1083 805 τὸν

63 846 147 930 έμὸν
169 846 260 927 υίόν,
288 843 344 909 καὶ
366 844 428 910 ούκ
451 844 732 930 ἀπολαμβάνουσα
755 846 1002 931 καταπέφευγα,
1031 845 1083 911 δέ-

63 969 180 1034 σποτα,
205 949 257 1015 ἐπὶ
281 950 342 1033 τὴν
364 952 453 1037 παρά
473 960 534 1016 σού
553 953 724 1035 βοήθειαν.
770 962 815 1041 τῶ
837 955 899 1039 γάρ
919 949 1005 1018 εἰναι
1024 955 1082 1037 μό-

61 1082 126 1134 νας
143 1057 228 1142 ἡμᾶς
245 1055 300 1121 καὶ
319 1056 446 1142 μηδένα
468 1060 528 1123 τὸν
547 1056 675 1140 ἐλέγξαι
694 1059 883 1143 δυνάμενον
901 1064 1082 1144 φοβεῖσθαι

61 1172 322 1249 καταφρονοῦσα
350 1166 494 1251 ἰσχυρῶς
518 1163 707 1250 ἀρνουμένη
734 1162 935 1252 παραμένει.’
986 1166 1082 1249 <30>

15 1293 45 1332 10
62 1268 157 1335 ταῦτ’
179 1270 335 1354 εἰπούσης
358 1271 376 1336 δ
400 1274 556 1355 βασιλεὺς
573 1269 727 1357 ἀνέκρινε
749 1272 810 1355 τὴν
829 1269 945 1357 ἑτέραν
962 1276 998 1336 τί
1013 1283 1083 1349 τοῖς

62 1375 252 1462 εἰρημένοις
274 1375 460 1460 ἀντιλέγειν
483 1380 561 1462 έχοι.
606 1386 666 1462 τῆς
692 1376 724 1442 δ’
750 1376 958 1463 ἀρν.υμένης
983 1386 1082 1442 τοῦτο

61 1481 294 1566 πεποιηκέναι,
321 1486 358 1549 τὸ
387 1480 424 1548 δὲ
451 1485 588 1549 παιδίον
615 1487 652 1550 τὸ
681 1482 800 1568 ἑαυτῆς
827 1487 885 1568 ξῦν
912 1485 1083 1567 λεγούσης,

61 1592 102 1655 τὸ
127 1586 164 1653 δέ
187 1599 245 1673 τῆς
267 1590 440 1655 ἀντιδίκου
463 1588 675 1674 τεθνηκέναι,
702 1592 845 1675 μηδενὸς
868 1589 1083 1666 ἐπινοοῦντος

61 1696 127 1779 τὴν
144 1700 266 1782 κρίσιν,
289 1694 362 1762 ἀλλ’
384 1698 493 1782 ὥσπερ
513 1694 563 1761 ἐπ’
586 1698 753 1781 αἰνίγματι
777 1695 852 1782 περὶ
871 1697 932 1780 τὴν
951 1697 1083 1781 εὕρεσιν

16 1824 46 1864 15
63 1802 170 1867 αὐτοῦ
192 1803 328 1867 πάντων
350 1812 389 1888 τῇ
414 1805 547 1890 διανοίᾳ
565 1800 837 1887 τετυφλωμένων,
861 1805 964 1886 μόνος
985 1801 1003 1866 ὁ
1025 1805 1083 1884 βα-

64 1911 177 1986 σιλεὺς
200 1907 359 1991 ἐπενόησέ
379 1933 411 1973 τι
434 1916 596 1974 τοιοῦτον.
638 1908 725 1991 <31>
743 1910 902 1985 κελεύσας
921 1913 1083 1991 κομισθῆ-

62 2040 122 2081 ναι
145 2017 183 2080 τὸ
205 2017 326 2102 νεκρὸν
348 2013 403 2080 καί
426 2017 464 2080 τὸ
488 2018 552 2093 ζῶν
577 2016 717 2080 παιδίον
740 2012 984 2099 μεταπέμπεταί
1008 2037 1083 2077 τινα

62 2133 133 2186 τῶν
161 2121 468 2206 σωματοφυλάκων,
497 2118 553 2185 καί
581 2121 792 2206 σπασάμενον
818 2118 996 2207 προσέταξε
1022 2119 1085 2202 τὴν

65 2228 232 2313 μάχαιραν
255 2227 426 2315 ἀμφότερα
450 2228 665 2314 διχοτομῆσαι
688 2229 728 2293 τά
750 2229 878 2312 παιδία,
902 2228 990 2303 ὅπως
1011 2224 1084 2291 έκά-

23 2352 50 2393 20
65 2357 158 2419 τεραι
186 2334 333 2418 λάβωσιν
360 2332 412 2401 ἀν’
442 2335 545 2419 ἥμισυ
571 2343 632 2400 τοῦ
659 2358 695 2400 τε
722 2338 843 2414 ζῶντος
868 2332 923 2399 καὶ
950 2343 1011 2399 τοῦ
1033 2357 1084 2398 τε-

65 2443 306 2525 τελευτηκότος.
353 2441 440 2524 <32>
465 2439 518 2506 ἐπὶ
535 2442 642 2531 τούτῳ
660 2450 724 2519 πάς
742 2437 804 2526 μέν
822 2442 840 2507 ὁ
860 2443 940 2519 λαὸς
957 2439 1084 2508 λανθά-

64 2572 128 2614 νον
156 2547 326 2632 ἐχλεύαζεν
359 2548 404 2623 ὡς
430 2547 602 2632 μειράκιον
628 2549 688 2613 τὸν
715 2545 866 2630 βασιλέα,
897 2546 1018 2631 μεταξὺ
1046 2543 1084 2611 δὲ

65 2664 124 2739 τῆς
147 2651 209 2739 μέν
232 2653 434 2735 ἀπαιτούσης
451 2650 506 2717 καὶ
524 2652 675 2735 ἀληθοῦς
692 2653 816 2737 μητρὸς
833 2650 1083 2735 ἀνακραγούσης

65 2770 165 2825 τοῦτο
188 2760 232 2845 μὴ
255 2771 380 2842 ποιεῖν,
408 2758 492 2824 ἀλλά
519 2758 742 2844 παραδιδόναι
769 2765 808 2842 τῇ
832 2754 926 2844 ἑτέρᾳ
948 2759 985 2822 τὸ
1009 2777 1084 2820 παι-

27 2884 52 2924 25
67 2869 143 2933 δίον
167 2867 211 2944 ὡς
235 2866 363 2951 ἐκείνης
385 2863 576 2955 (ἀρκεῖσθαι
599 2865 662 2950 γάρ
685 2871 730 2951 τηλ
750 2866 816 2946 ζῆν-
831 2862 912 2927 αύτδ
934 2859 990 2927 καὶ
1009 2859 1083 2944 βλέ-

65 2997 143 3039 πειν
166 2976 281 3058 μόνον,
304 2973 367 3039 κάν
390 2973 567 3059 ἀλλότριον
590 2968 702 3059 δοκῇ),
727 2977 786 3054 τῆς
804 2965 839 3033 δ’
866 2966 978 3056 ἑτέρας
1001 2965 1083 3032 έτοίψ

66 3105 137 3164 μως
151 3079 289 3164 ἐχούσης
308 3081 545 3167 διαιρούμενον
564 3078 651 3144 ἰδεῖν
668 3080 705 3143 τὸ
724 3077 861 3143 παιδίον
878 3074 933 3141 καί
948 3072 1083 3158 προσέτι

66 3191 316 3270 βασανισθῆναι
342 3184 398 3251 καὶ
426 3185 530 3268 αύτὴν
562 3184 733 3268 ἀξιούσης,
767 3185 852 3267 <33>
885 3182 902 3247 ὁ
930 3183 1085 3265 βασιλεὺς

66 3288 225 3375 ἐπιγνοὺς
252 3295 310 3371 τάς
338 3291 501 3379 ἑκατέρων
528 3293 643 3376 φωνάς
669 3290 734 3355 ἀπὸ
761 3298 819 3374 τῆς
846 3288 1005 3370 ἀληθείας
1032 3311 1084 3370 γε-

25 3417 51 3456 30
66 3397 261 3484 γενημένας,
283 3409 322 3485 τῇ
346 3396 407 3485 μέν
426 3399 658 3485 ἀνακραγούση
676 3399 714 3462 τὸ
733 3397 868 3461 παιδίον
888 3393 1085 3481 προσέκρινε

140 3521 492 3590 §29=3Reg.11121.
