2400 3840
126 125 192 188 254
496 120 772 173 APxA10A0r1A2
902 104 915 119 ‘

125 304 232 352 πιστο.
256 284 366 367 <397>
376 278 419 366 ῆν
429 279 459 347 δ’
473 281 508 347 ἐκ
522 278 584 367 μὲν
597 279 772 366 τῆςἸοάδα
785 285 902 366 φυλῆς
912 284 1061 368 στρατὸς
1070 283 1148 349 ὁπλι-

125 404 193 458 τῶν
211 392 371 477 μυριάδες
387 389 574 475 τριάκοντα,
592 382 641 453 ὧν
656 385 807 464 Ἐδναῖος
826 388 893 470 τὴν
910 388 1102 473 ῆγεμονίαν
1114 383 1148 454 εί-

125 522 194 584 χεν,
201 496 356 581 Ἰωαννῆς
366 492 403 561 δὲ
412 495 586 582 μυριάδων
595 499 708 560 είκοσι.
727 491 787 560 ὁδ’
796 492 904 571 αὐτὸς
912 489 1021 573 οὗτος
1029 496 1149 581 ἡγεμὼν

126 604 162 669 έκ
175 613 234 688 τῆς
248 602 481 687 Βενιαμίτιδος
494 606 604 686 φυλῆς
621 594 688 685 εἶχε
702 598 849 677 τοξοτῶν
862 603 979 679 πεζῶν
993 603 1148 688 μυριάδας
1176 591 1177 594 “

126 717 239 777 είκοσι.
284 711 385 786 ἄλλος
408 705 439 772 δ’
464 706 611 790 ἡγεμών,
635 702 809 790 Ὀχόβατος
831 707 962 791 ὄνομα,
992 710 1164 794 μνριάδαςε

125 817 271 882 ὁπλιτῶν
289 815 510 881 ὀκτωκαίδεκα
523 805 561 879 ’τὸ
575 817 706 895 πλῆθος
724 820 770 899 τῷ
787 815 926 896 βασιλεῖ
941 814 1147 902 προσένειμε,
1182 869 1183 873 ,

125 921 225 1008 πάρεξ
249 915 298 986 ὧν
321 922 368 997 είς
390 921 449 996 τὰς
471 918 683 1004 ὀχυρωτάτας
705 914 866 1003 διέπεμψε
889 922 1023 998 πόλεις.
1184 953 1186 991 4

90 1052 106 1098 3
192 1027 302 1109 <398>
328 1025 469 1108 ἠγάγετο
498 1022 536 1090 δὲ
560 1033 606 1113 τῷ
628 1021 723 1090 παιδὶ
747 1021 895 1114 Ἰωράμῳ
919 1026 988 1110 τῆν
1015 1025 1145 1113 ’Λχάβον
1184 1090 1185 1095 ,

124 1129 310 1217 θυγατέρα,
337 1139 397 1195 τοῦ
424 1140 492 1196 τῶν
520 1129 601 1196 δέκα
625 1136 744 1215 φυλῶν
766 1129 949 1216 βασιλέως,
979 1136 1144 1200 Γοθολίαν

124 1241 238 1323 ὄνομα.
270 1235 479 1324 πορευθέντα
498 1233 529 1302 δ’
551 1236 654 1303 αὐτὸν
672 1237 753 1321 μετὰ
770 1239 897 1324 χρόνον
914 1240 999 1305 τινά
1018 1243 1069 1318 είς
1085 1246 1169 1307 Σα-ιι

124 1345 264 1430 μάρειαν
278 1341 643 1431 φιλοφρόνωςἍχαβος
655 1340 846 1425 ὑπεδέξατο,
859 1340 918 1407 καὶ
933 1345 998 1410 τὸν
1014 1346 1145 1413 ἄκολον

123 1453 275 1534 δήσαντα
286 1452 428 1538 στρατὸν
442 1447 566 1528 ἐξένισε
579 1455 738 1537 λαμπρῶς
749 1452 844 1514 σίτου
857 1471 893 1513 τε
907 1448 967 1515 καὶ
982 1457 1086 1518 οἶνον
1098 1449 1144 1518 καὶ

122 1558 285 1640 θυμάτων
303 1557 465 1643 ἀφθονίᾳ,
482 1553 686 1642 παρεκάλεσέ
700 1577 737 1621 τε
755 1563 971 1639 συμμαχῆσαι
988 1561 1080 1624 κατά
1092 1567 1143 1625 τοῦ

123 1663 248 1746 Σύρων
270 1659 442 1746 βασιλέως,
464 1661 521 1727 ἵνα
540 1661 603 1745 τῆν
622 1659 658 1726 ἐν
676 1670 715 1747 τῆ
735 1661 912 1745 Γαλαδηνῇ
932 1665 1042 1730 πόλιν
1058 1663 1142 1750 Ἀρα-

122 1769 236 1853 μαθάν
263 1766 438 1855 ἀφέληται·
479 1768 590 1852 <399>
618 1777 678 1834 τοῦ
705 1768 768 1853 γάρ
795 1767 920 1851 πατρὸς
949 1768 1064 1854 αὐτὴν
1091 1779 1168 1836 τοῦιε

122 1875 227 1942 αὐτοῦ
244 1886 379 1961 πρῶτον
396 1874 628 1961 τυγχάνουσαν
647 1872 842 1958 ἀφῃρῆσθαι
859 1873 920 1937 τὸν
935 1871 1076 1943 ἐκείνου
1088 1900 1142 1943 πα-

122 1980 209 2068 τέρα.
240 1992 302 2048 τοῦ
321 1978 358 2046 δὲ
373 1979 577 2065 Ἰωσαφάτου
594 1980 656 2062 τῆν
674 1980 838 2063 βοήθειαν
857 1975 1142 2068 ἐπαγγειλαμένου

122 2084 190 2171 (καὶ
218 2088 282 2171 γὰρ
310 2083 396 2152 εἶναι
419 2088 564 2171 δύναμιν
587 2085 676 2174 αὐτῷ
699 2086 742 2170 μὴ
766 2084 888 2151 ἐλάττω
912 2094 973 2168 τῆς
998 2087 1141 2175 ἐκείνου)

120 2189 176 2254 καὶ
199 2190 496 2274 μεταπεμψαμένου
523 2192 585 2274 τὴν
608 2192 752 2276 δύναμιν
775 2189 809 2269 ἐξ
828 2188 1075 2276 Ἱεροσολύμων
1098 2197 1141 2271 είς

120 2294 325 2379 Σαμάρειαν,
347 2293 605 2379 προεξελθόντες
627 2295 688 2373 ἔξω
711 2305 770 2380 τῆς
792 2299 918 2372 πόλεως
940 2298 978 2360 οί
1000 2300 1066 2365 δύο
1085 2305 1170 2385 βα-εο

121 2403 237 2482 σιλεῐς,
268 2397 324 2464 καὶ
355 2403 554 2476 καθίσαντες
581 2398 635 2465 ἐπὶ
662 2410 722 2466 τοῦ
751 2404 842 2468 ίδίου
868 2405 1002 2487 θρόνον
1032 2404 1139 2471 ἑκάτε-

120 2528 188 2591 ρος,
206 2517 277 2584 τοῖς
295 2507 430 2584 οἰκείοις
443 2507 657 2595 στρατιώταις
670 2508 707 2573 τὸ
723 2509 958 2594 στρατιωτικὸν
972 2509 1137 2595 διένεμον.

119 2614 228 2699 <4ΟΟ>
245 2612 447 2700 Ἰωσαφάτης
460 2612 496 2679 «δ’
513 2612 695 2703 ἐκέλευσεν,
719 2621 753 2680 εί
766 2613 855 2692 τινές
873 2616 937 2680 είσι
955 2627 1137 2702 προφῆται,

118 2721 290 2789 καλέσαντ’
317 2724 438 2801 αὐτοὺς
465 2723 640 2810 ἀνακρῖναι
667 2720 743 2807 περὶ
769 2731 828 2806 τῆς
856 2719 910 2787 ἐπὶ
935 2722 995 2787 τὸν
1019 2725 1136 2808 Σύρον

119 2826 246 2913 ἐξόδου,
270 2833 301 2894 εί
323 2832 589 2915 συμβουλεύουσι
611 2826 682 2895 κατ’
707 2827 834 2894 ἐκεῖνον
856 2829 916 2894 τὸν
938 2830 1059 2913 καιρὸν
1083 2826 1132 2894 ἐπ’
1146 2845 1168 2888 τε

118 2932 221 2998 αὐτὸν
247 2935 452 3016 ποιήσασθαι
474 2935 536 3017 τῆν
558 2937 745 3020 στρατείαν·
775 2931 915 3019 καὶγὰρ
940 2935 1056 3019 είρῆνη
1079 2933 1133 3000 καὶ

117 3042 214 3121 φιλία
241 3041 315 3104 τότε
340 3049 386 3126 τῷ
411 3038 535 3125 Ἀχάβφ
563 3041 646 3124 πρὸς
668 3042 727 3106 τὸν
750 3042 867 3126 Σύρον
888 3040 1052 3125 ὑπῆρχεν,
1080 3039 1132 3106 ἐπὶ

117 3143 185 3229 τρί’
212 3147 267 3228 έτη
291 3145 486 3229 διαμείνασα
514 3141 572 3227 ἀφ’
599 3139 639 3208 οὗ
662 3147 775 3229 λαβὼν
798 3146 901 3212 αὐτὸν
923 3148 1132 3231 αἰχμάλωτον

80 3266 97 3314 4
116 3248 280 3317 ἀπέλυσεν
302 3252 378 3336 άχρι
401 3248 528 3331 ἐκείνης
549 3257 608 3334 τῆς
630 3248 761 3335 ἡμέρας.
801 3253 911 3337 <401>
933 3251 1074 3329 καλέσας
1097 3250 1128 3317 δ’

187 3395 203 3454 5
222 3395 273 3442 397
294 3415 327 3434 =
347 3396 362 3443 2
382 3388 472 3443 Paral.
491 3388 570 3442 XVII
584 3394 626 3443 14.
722 3393 737 3454 ξ
757 3393 808 3441 398
829 3416 862 3435 =
883 3398 898 3446 3
918 3393 987 3462 Reg.
1006 3392 1085 3447 XXII
1100 3397 1128 3457 23

115 3481 131 3529 2
145 3474 237 3528 Paral.
257 3476 347 3531 XVIII
363 3483 386 3531 1.
