2400 3840
551 133 676 184 ΟΓΔΟΗ
1060 132 1122 196 177

101 294 202 375 τάτης
220 292 413 374 ἐλευθερίας
432 291 580 377 ἀκρατῶς
599 289 855 377 ἐμφορούμενοι,
878 295 961 378 πρὸς
979 303 1025 380 τῷ
1044 310 1123 359 συν-

102 398 217 476 αύξειν
249 398 384 475 ἕκαστος
415 399 455 462 τά
488 400 593 462 οίκεῖα
624 395 679 462 καὶ
716 410 827 464 ποιεῖν
863 397 938 476 ἀξια
969 402 1123 477 πλείονος

101 506 259 589 ὑπῆρχεν.
439 591 440 595 ¹
1017 572 1029 581 ,

170 611 256 693 <39>
279 605 365 693 ἡσαν
389 607 503 675 δὲκαὶ
527 610 633 696 ἕτεροι
661 619 706 697 τῷ
734 614 866 693 βασιλεῖ
888 609 1062 694 ἡγεμόνες,
1091 613 1159 677 οἳο

70 726 161 800 στῆς
184 741 218 781 τε
242 717 366 801 Σύρων
393 724 454 799 γὴς
480 714 535 780 καὶ
562 727 630 781 τῶν
654 716 870 800 ἀλλοφύλων,
897 717 969 799 ἡτις
995 712 1039 800 ἡν
1064 715 1120 781 ἀπ’

101 822 286 908 Εὐφράτου
318 830 467 906 ποταμοῦ
503 824 664 905 διήκουσα
696 820 791 908 μέχρι
827 830 886 905 τῆς
917 825 1123 906 Αἰγυπτίων,

102 927 262 1014 ἐπῆρχον,
296 926 486 1011 ἐκλέγοντες
513 929 602 1016 αύτῷ
630 931 759 1014 φόρους
787 930 876 1014 παρὰ
905 940 973 994 τῶν
1001 929 1122 996 ἐθνῶν.

101 1035 190 1118 <40>
213 1033 414 1100 συνετέλουν
442 1031 480 1100 δέ
506 1033 561 1100 καὶ
584 1043 623 1120 τῇ
651 1032 792 1120 τραπέζῃ
815 1032 893 1100 καθ’
918 1033 1045 1121 ἡμέραν
1067 1035 1122 1101 καὶ

67 1216 70 1220 ,
99 1150 148 1228 τῷ
173 1142 296 1230 δείπνῳ
319 1150 380 1205 τοῦ
403 1139 565 1226 βασιλέως
589 1140 791 1224 σεμιδάλεως
813 1137 875 1225 μὲν
892 1143 1015 1228 κόρους
1032 1142 1123 1229 τριά-

56 1265 86 1304 1⁰
100 1270 218 1330 κοντα,
247 1246 390 1333 ἀλεύρου
419 1245 450 1311 δ’
476 1244 648 1330 ἑξήκοντα,
676 1249 842 1324 σιτιστοὺς
870 1243 908 1311 δέ
934 1251 1016 1330 βοῦς
1043 1246 1123 1313 δέκα

100 1350 157 1416 καὶ
180 1352 328 1436 νομάδας
355 1357 437 1439 βοῦς
466 1359 585 1438 εἴκοσι,
613 1355 779 1430 σιτιστοὺς
807 1350 837 1417 δ’
864 1353 968 1438 ἀρνας
995 1352 1122 1421 ἑκατόν.

101 1466 206 1522 ταῦτα
229 1458 337 1525 πάντα
359 1458 461 1546 πάρεξ
484 1469 552 1524 τῶν
575 1457 631 1524 ἀπ’
657 1461 775 1544 ἀγρας,
802 1458 936 1543 ἐλάφων
959 1458 1043 1542 λέγω
1067 1460 1122 1526 καλ

101 1564 281 1648 βουβάλων
298 1563 354 1630 καὶ
372 1576 441 1632 τῶν
458 1576 593 1649 πτηνῶν
616 1562 671 1630 καὶ
694 1566 834 1650 ἰχθύων,
858 1564 1022 1650 ἐκομίζετο
1040 1565 1119 1632 καθ’

100 1669 230 1756 ἡμέραν
247 1680 293 1759 τῷ
312 1675 445 1755 βασιλεῖ
460 1673 550 1758 παρὰ
567 1681 636 1736 τῶν
654 1671 863 1756 ἀλλοφύλων.
900 1673 987 1756 <41>
1006 1683 1122 1740 τοσοῦ-

56 1794 85 1834 15
101 1801 162 1842 τον
190 1773 227 1842 δέ
253 1783 385 1861 πλῆθος
410 1772 454 1861 ἡν
481 1777 637 1863 ἁρμάτων
664 1781 857 1861 Σολομῶνι,
890 1779 935 1854 ῶς
966 1777 1122 1864 τέτταρας

102 1878 191 1948 εἶναι
221 1884 386 1969 μυριάδας
416 1895 554 1968 φατνῶν
583 1893 651 1948 τῶν
677 1882 975 1968 ὑποζευγνυμένων
1002 1885 1121 1950 ἵππων.

101 1988 204 2074 χωρὶς
227 1987 265 2054 δέ
287 1990 415 2056 τούτων
438 1984 524 2073 ἡσαν
548 1989 659 2066 ίππεϊς
677 1989 834 2074 δισχίλιοι
852 1986 908 2053 καὶ
926 1989 1050 2075 μύριοι,
1075 1985 1122 2056 ὧν

101 2097 137 2160 οί
149 2090 211 2179 μὲν
224 2094 353 2179 ἡμίσεις
365 2103 411 2182 τῷ
430 2098 562 2180 βασιλεῖ
573 2095 805 2181 προσήδρευον
824 2093 861 2160 έν
871 2093 1121 2181 Ἱεροσολύμοις,

101 2203 137 2266 οί
154 2197 192 2266 δέ
210 2198 321 2265 λοιποὶ
335 2201 418 2265 κατά
435 2202 494 2279 τάς
512 2201 685 2286 βασιλικάς
703 2199 938 2288 διεσπαρμένοι
955 2203 1067 2287 κώμας
1086 2202 1122 2268 ἐν

58 2326 86 2364 20
101 2307 219 2384 αὐταῖς
240 2305 430 2392 κατέμενον.
467 2308 485 2373 ό
505 2305 537 2372 δ’
558 2307 659 2385 αὐτὸς
676 2307 808 2393 ἡγεμὼν
829 2308 847 2374 ὁ
865 2309 928 2391 τὴν
949 2316 1010 2374 τοῦ
1029 2313 1122 2392 βασι-

101 2411 185 2490 λέως
208 2413 360 2496 δαπάνην
382 2413 642 2499 πεπιστευμένος
663 2412 719 2479 καὶ
741 2427 812 2492 τοῖς
835 2416 948 2492 ἵπποις
971 2415 1121 2502 ἐχορήγει

101 2519 305 2602 τάπιτήδεια,
319 2522 526 2604 συγκομίζων
540 2523 588 2596 εἰς
599 2520 639 2585 ὃν
653 2520 837 2604 ὁβασιλεὺς
851 2519 995 2608 διέτριβε
1009 2525 1121 2587 τόπον.

169 2626 256 2709 <42>
277 2627 420 2709 τοσαύτη
444 2622 476 2689 δ’
500 2619 550 2708 ἡν.
566 2625 609 2707 ἡν
632 2624 650 2690 ὁ
673 2627 754 2701 θεὸς
777 2629 957 2709 Σολομῶνι
979 2625 1121 2711 παρέσχε
1140 2643 1155 2691 5

102 2734 270 2817 φρόνησιν
287 2729 343 2796 καὶ
362 2732 500 2815 σοφίαν,
516 2730 561 2806 ῶς
579 2730 658 2806 τούς
675 2726 704 2794 τ’
724 2729 883 2816 ἀρχαίους
900 2730 1120 2815 ὑπερβάλλειν

62 2854 87 2894 25
103 2837 306 2923 ἀνθρώπους
323 2835 379 2902 καί
397 2833 481 2922 μηδὲ
498 2838 577 2912 τοὺς
595 2837 812 2918 Αἰγυπτίους,
836 2837 872 2900 ολ
886 2834 1022 2900 πάντων
1041 2851 1120 2901 συν-

102 2940 170 3008 έσει
185 2945 369 3025 διενεγκεῖν
381 2941 545 3025 λέγονται,
560 2939 842 3027 συγκρινομένους
856 2943 1029 3007 λείπεσθαι
1039 2941 1117 3028 παρ’

102 3051 229 3133 ὀλίγον,
255 3049 338 3113 ἀλλά
361 3046 416 3113 καὶ
439 3053 595 3113 πλείστου
618 3047 842 3133 ἀφεστηκότας
863 3056 921 3132 τὴς
943 3056 1004 3112 τοῦ
1027 3052 1120 3132 βασι-

102 3154 186 3232 λέως
218 3158 412 3241 φρονήσεως
445 3153 647 3239 ἐλέγχεσθαι.
697 3155 792 3238 <43>
820 3155 964 3239 ὑπερὴρε
996 3151 1034 3219 δέ
1065 3153 1120 3218 καὶ
1190 3147 1191 3151 ’

103 3263 256 3343 διήνεγκε
280 3263 383 3348 σοφία
404 3258 459 3325 καὶ
482 3271 550 3326 τῶν
572 3261 654 3324 κατά
677 3262 737 3332 τὸν
760 3259 863 3324 αύτὸν
880 3259 999 3344 καιρὸν
1019 3259 1120 3338 δόξαν

61 3383 89 3423 ³0
104 3365 250 3449 ἐχόντων
281 3368 370 3451 παρά
402 3378 471 3443 τοῖς
498 3363 664 3451 Ἑβραίοις
696 3362 748 3429 ἐπὶ
785 3366 962 3446 δεινότητι·
1000 3360 1047 3432 ὧν
1079 3367 1120 3431 οὐ

176 3493 191 3552 ξ
207 3494 240 3540 39
261 3515 294 3532 =
314 3488 412 3556 3Reg.
427 3487 465 3540 IV
479 3493 521 3541 21.

157 3587 283 3626 Iosumws.
303 3586 334 3625 H.
944 3580 986 3629 w.
