2400 3840
497 111 649 161 ΕΒΔΟΜΗ
776 110 779 115 ’
1015 106 1078 170 125

56 276 146 348 θοὺς
174 267 259 336 εἶναι
287 281 332 359 τῷ
360 269 459 356 πατρὶ
487 268 557 354 τάχ’
588 270 700 334 αὐτῶν
726 267 781 334 καί
814 269 936 345 ἀδίκως
970 267 1079 333 ἐπται-

58 381 168 444 κότων
194 375 270 463 περὶ
297 377 359 459 τήν
385 379 512 462 κρίσιν,
545 377 680 440 εὔνοιαν
707 376 796 463 αὐτῷ
828 375 918 459 παρὰ
945 373 1079 438 πάντων

59 485 287 565 κατεσκεύαζε,
316 480 423 564 λέγων
446 482 491 558 ὡς
514 481 613 558 αὐτὸς
636 483 693 565 ἀν,
721 483 752 546 εί
777 481 902 562 ταύτην
930 474 995 563 εἶχε
1017 480 1079 560 τήν

61 588 230 671 ἐξουσίαν,
257 589 385 670 πολλὴν
408 588 521 664 αὐτοῖς
550 587 730 672 ἐβράβευεν
755 587 924 670 εὐνομίαν.
969 584 1077 667 <196>

28 696 194 771 ετούτοις
218 697 426 778 δημαγωγῶν
448 695 486 758 τὸ
509 699 649 777 πλῆθος,
675 693 720 770 ὡς
742 695 883 777 βεβαίαν
906 692 993 776 ἔχειν
1015 692 1078 773 ήδη

59 801 123 882 τήν
146 801 234 886 παρὰ
256 811 324 865 τῶν
343 802 451 883 ὄχλων
470 800 606 864 εὔνοιαν
625 798 761 883 ἐνόμιζε,
784 800 865 882 μετά
884 794 921 862 δέ
940 798 1001 879 τήν
1018 805 1079 861 τοῦ
1187 776 1195 795 ’

59 908 186 987 πατρὸς
207 906 311 970 αὐτοῦ
329 906 538 987 καταλλαγήν
560 906 725 991 τεττάρων
744 904 827 970 ἐτῶν
844 905 908 986 ήδη
929 905 1080 985 διεληλυ-

59 1014 190 1094 θότων,
227 1010 333 1076 ἐδεῖτο
365 1011 564 1097 προσελθὼν
596 1012 643 1086 είς
674 1014 835 1096 Χεβρῶνα
868 1018 1079 1095 συγχωρήσαι

59 1115 264 1202 πορευθέντι
293 1121 421 1183 θυσίαν
448 1117 632 1181 ἀποδοῦναι
659 1126 704 1204 τῷ
732 1123 815 1204 θεῷ·
849 1119 985 1201 φεύγων
1016 1116 1079 1201 γάρ

17 1243 44 1282 ιο
60 1232 162 1288 τοῦτο
186 1223 355 1302 εὔξασθαι.
391 1231 452 1288 τοῦ
475 1217 512 1286 δέ
530 1219 685 1287 Δαυίδου
707 1224 769 1306 τήν
787 1222 924 1301 ἀξίωσιν
943 1221 1080 1308 ἐφέντος

59 1329 253 1413 πορεύεται,
280 1326 335 1392 καί
358 1331 462 1404 πολὺς
486 1326 762 1414 ἐπισυνέρρευσεν
784 1331 896 1413 όχλος,
924 1327 977 1393 ἐπὶ
1001 1334 1080 1392 πολ-

60 1437 143 1510 λοὺς
166 1434 270 1499 αὐτοῦ
293 1432 549 1518 διαπέμψαντος.

129 1539 239 1623 <197>
260 1548 371 1625 παρήυ
395 1536 432 1604 δέ
454 1537 509 1604 καὶ
533 1539 551 1604 ό
574 1540 728 1603 Δαυίδου
752 1541 940 1624 σύμβουλος
963 1539 981 1604 ό
1001 1542 1115 1604 Pel-2

60 1656 208 1731 μωυαίος
236 1643 461 1730 Ἀχιτόφελος,
496 1642 552 1709 καί
584 1647 751 1710 διακόσιοί
784 1668 873 1722 τινες
905 1644 937 1723 ἐξ
970 1646 1082 1711 αὐτῶν

21 1772 47 1812 15
58 1752 314 1837 Ἱεροσολύμων,
339 1751 401 1816 ούκ
424 1752 549 1827 εἰδότες
571 1747 633 1835 μὲν
654 1751 716 1833 τήν
739 1749 956 1838 ἐπιχείρησιν,
980 1753 1025 1828 ὡς
1048 1749 1078 1814 δ’

61 1857 116 1924 ἐπὶ
140 1859 267 1922 θυσίαν
290 1855 552 1942 μετεσταλμένοι.
597 1854 653 1921 καί
680 1859 836 1940 βασιλεὺς
858 1858 924 1922 ὑπὸ
947 1858 1082 1923 πάντων

61 1965 309 2046 ἀποδείκνυται,
332 1972 431 2028 τοῦτο
450 1961 608 2045 γενέσθαι
629 1964 863 2049 στρατηγήσας.
905 1963 1014 2048 <198>
1037 1964 1082 2040 ὡς

62 2068 93 2134 δ’
116 2067 284 2152 ἀπηγγέλη
307 2077 411 2134 ταῦτα
432 2069 566 2152 Δαυίδῃ
588 2065 644 2132 καὶ
666 2065 744 2154 παρ’
771 2067 907 2146 ἐλπίδας
930 2069 1019 2158 αὐτῷ
1041 2071 1081 2135 τά

62 2177 151 2260 παρὰ
170 2183 230 2239 τοῦ
249 2176 369 2251 παιδὸς
386 2174 549 2257 ἠκούσθη,
568 2174 680 2251 δείσας
697 2176 764 2260 άμα
781 2173 837 2240 καὶ
855 2183 914 2260 τής
931 2175 1082 2261 ἀσεβείας

22 2300 49 2340 εο
62 2279 118 2347 καὶ
141 2289 201 2364 τής
222 2282 345 2362 τόλμης
363 2278 466 2343 αὐτὸν
484 2280 670 2363 θαυμάσας,
693 2280 744 2345 ὅτι
762 2277 847 2365 μηδὲ
864 2290 923 2365 τῆς
941 2280 994 2347 ἐπὶ
1012 2293 1082 2358 τοῖς

61 2383 307 2473 ἡμαρτημένοις
334 2385 532 2468 συγγνώμης
558 2384 817 2471 ἐμνημόνευσεν,
845 2386 917 2453 ἀλλ’
946 2387 1083 2453 ἐκείνων

62 2495 150 2558 πολὺ
173 2494 299 2576 χείροσι
321 2486 377 2554 καὶ
399 2489 691 2577 παρανομωτέροις
713 2491 904 2576 ἐπεβάλετο,
931 2497 1083 2580 βασιλείᾳ

63 2609 197 2683 πρῶτον
224 2593 285 2680 μὲν
312 2596 378 2660 ὑπὸ
406 2601 491 2659 θεοῦ
519 2594 559 2659 ού
587 2595 763 2681 δεδομένη,
792 2598 949 2682 δεύτερον
972 2596 1003 2661 δ’
1029 2597 1080 2662 ἐπ’

63 2701 239 2788 ἀφαιρέσει
261 2709 322 2766 τοῦ
345 2700 596 2783 γεγεννηκότος,
624 2702 709 2782 έγνω
733 2701 872 2784 φεύγειν
895 2703 943 2778 είς
965 2704 1005 2767 τὰ
1027 2701 1083 2767 πέ-

23 2827 49 2868 25
64 2833 129 2894 ραν
152 2818 212 2873 τοῦ
233 2805 413 2893 Ἰορδάνου.
455 2805 565 2889 <199>
588 2803 643 2870 καὶ
667 2805 871 2887 συγκαλέσας
887 2817 956 2872 τῶν
974 2811 1083 2892 φίλων

64 2917 143 2991 τοὺς
171 2912 472 2996 ἐπιτηδειοτάτους,
498 2907 554 2975 καὶ
581 2909 657 2998 περὶ
685 2921 744 2997 τῆς
770 2922 830 2978 τοῦ
857 2915 976 2990 παιδὸς
1003 2913 1083 2978 ἀπο-

63 3023 160 3096 νοίας
182 3018 504 3102 κοινολογησάμενος
526 3017 653 3101 αὐτοῖς,
681 3017 736 3084 καί
759 3016 835 3106 περὶ
857 3021 992 3085 πάντων
1015 3018 1083 3083 έπι-

63 3123 190 3212 τρέψας
211 3134 306 3211 κριτή
330 3133 376 3212 τῷ
399 3129 484 3211 θεῷ,
511 3127 700 3190 καταλιπὼν
722 3126 763 3190 τά
786 3129 936 3209 βασίλεια
959 3125 1084 3210 φυλάτ-

63 3255 137 3297 τειν
156 3230 236 3296 δέκα
254 3232 465 3312 παλλακίσιν,
483 3229 609 3315 ἀπήρεν
628 3230 663 3296 ἐκ
682 3242 749 3296 τῶν
759 3230 1006 3317 Ἱεροσολύμων,
1024 3241 1084 3297 τοῦ

22 3358 50 3396 ³0
64 3335 95 3403 τ’
126 3340 232 3404 ἀλλου
263 3338 416 3419 πλήθους
447 3337 631 3420 προθύμως
662 3338 750 3424 αὐτῷ
781 3335 1085 3421 συνεξορμήσαντος

140 3463 227 3523 §196
248 3484 282 3503 =
301 3463 317 3511 2
336 3457 405 3525 Reg.
425 3454 478 3508 XV
494 3460 517 3509 7,
