2400 3840
503 137 628 189 ΟΓΔΟΗ
1009 135 1073 199 209

55 294 202 379 τάξίωμα
225 305 285 360 τοῦ
308 297 456 361 πλούτου
478 295 534 362 καὶ
556 305 615 380 τής
637 296 823 381 ἡγεμονίας.
868 297 979 380 <188>
1002 299 1075 362 δια-

56 404 194 485 μερίσας
221 398 258 467 δδ
286 403 326 467 τά
354 403 483 490 ἀρματα
508 399 564 468 καὶ
592 402 761 486 διατάξας,
790 400 866 468 ὥστ’
893 401 930 468 έν
956 400 1074 487 ἑκάστη

57 511 151 573 πόλει
174 508 303 572 τούτων
326 508 473 594 ἀριθμὸν
496 507 683 594 ὡρισμένον
701 509 872 594 ὑπάρχειν,
896 509 996 585 αὐτὸς
1014 505 1075 593 μὲν

56 611 132 697 περὶ
151 613 256 678 αὑτὸν
274 613 432 700 ἐτήρησεν
451 617 557 700 ὀλίγα,
575 616 634 692 τὰς
652 612 689 680 δὲ
707 618 820 693 πόλεις
838 617 959 692 ταύτας
973 615 1076 700 ἁρμά-

27 744 124 784 ετων
147 722 404 805 προσηγόρευσε.
441 730 501 786 τοῦ
525 719 556 786 δ’
578 721 742 806 ἀργυρίου
763 731 923 787 τοσοῦτον
942 720 1076 804 ἐποίησε

56 833 187 911 πλῆθος
215 825 252 891 έν
275 824 517 912 Ἱεροσολύμοις
542 828 560 893 ὁ
583 831 739 912 βασιλεὺς
763 829 843 893 ὅσον
865 822 909 911 ἦν
931 825 985 892 καὶ
1008 839 1076 891 τῶν

57 936 181 1016 λίθων,
202 929 259 997 καὶ
282 942 350 998 τῶν
372 935 537 1020 κεδρίνων
560 933 683 1018 ξύλων,
707 934 748 999 ού
771 936 934 1019 πρότερον
957 936 1075 1015 όντων,

56 1040 166 1124 ὥσπερ
190 1037 246 1103 καὶ
264 1049 333 1104 τῶν
352 1038 503 1124 δένδρων
520 1051 589 1105 τῶν
608 1043 811 1125 συκαμίνων,
833 1035 912 1128 (ὧν)
931 1041 1076 1123 πληθύει

55 1147 97 1209 τὰ
120 1154 179 1229 τῆς
198 1142 362 1222 Ἰουδαίας
384 1147 491 1211 πεδία.
532 1146 643 1230 <189>
666 1145 844 1231 προσέταξε
868 1143 905 1212 δὲ
928 1143 1077 1223 καὶτοῖς

11 1274 41 1313 ιο
57 1251 214 1336 ἐμπόροις
230 1253 405 1334 Αἰγύπτου
423 1256 616 1337 κομίζουσιν
634 1253 723 1340 αὐτῷ
741 1253 940 1338 πιπράσκειν
958 1255 995 1320 τὸ
1015 1250 1076 1336 μὲν

56 1360 146 1443 άρμα
173 1360 236 1424 σὺν
259 1359 373 1435 ἵπποις
396 1357 496 1424 δυσὶν
519 1357 699 1438 ἑξακοσίων
722 1360 879 1446 δραχμῶν
902 1359 1075 1445 ἀργυρίου,

56 1464 158 1541 αὐτός
185 1488 220 1530 τε
246 1476 316 1542 τοῖς
343 1474 402 1549 τῆς
425 1468 556 1551 Συρίας
582 1470 777 1550 βασιλεῦσιν
799 1464 854 1531 καὶ
876 1476 948 1543 τοῖς
970 1463 1076 1550 πέραν

56 1571 241 1655 Εὐφράτου
255 1569 444 1656 διέπεμπεν
467 1571 598 1650 αὐτούς.

125 1677 234 1761 <190>
257 1681 436 1763 γενόμενος
459 1675 497 1744 δὲ
519 1679 653 1744 πάντων
676 1677 842 1764 βασιλέων
863 1677 1075 1758 ἐνδοξότατος
1095 1693 1113 1741 f>

11 1805 40 1844 15
55 1781 112 1848 καὶ
140 1782 414 1867 θεοφιλέστατος,
441 1781 497 1849 καὶ
525 1787 688 1869 φρονήσει
713 1782 769 1850 καὶ
794 1785 926 1873 πλούτφ
950 1786 1075 1866 διενεγ-

55 1891 126 1954 κὼν
154 1901 221 1954 τῶν
248 1891 313 1975 πρὸ
341 1889 445 1956 αὐτοῦ
473 1891 534 1974 τήν
557 1889 721 1977 Ἑβραίων
748 1890 853 1977 ἀρχήν
880 1889 1076 1974 ἐσχηκότων,

57 1995 119 2060 οὐκ
148 1994 294 2080 ἐνέμεινε
320 1999 453 2075 τούτοις
480 1998 557 2083 άχρι
584 2000 752 2082 τελευτῆς,
780 1997 864 2062 ἀλλὰ
886 1997 1076 2062 καταλιπὼν

55 2103 119 2185 τήν
142 2112 210 2167 τῶν
232 2105 381 2188 πατρίων
402 2101 552 2189 ἐθισμῶν
571 2104 725 2187 φυλακήν
744 2102 805 2168 οὐκ
824 2105 871 2180 είς
890 2103 1007 2187 ὅμοιον
1025 2092 1076 2178 οἷς

56 2210 301 2294 προειρήκαμεν
324 2209 428 2275 αὐτοῦ
450 2208 544 2287 τέλος
566 2207 793 2295 κατέστρεφεν.
835 2209 945 2293 <191>
969 2211 1015 2286 είς
1039 2205 1076 2273 δὲ

14 2335 42 2375 20
57 2327 219 2398 γυναῖκας
242 2313 395 2400 ἐκμανεὶς
416 2314 472 2382 καὶ
494 2317 556 2399 τήν
577 2326 646 2383 τῶν
671 2315 880 2404 ἀφροδισίων
903 2315 1076 2401 ἀκρασίαν,

57 2419 100 2485 ού
123 2432 196 2497 ταῖς
219 2418 408 2506 ἐπιχωρίοις
430 2424 548 2506 μόναις
568 2420 736 2508 η’ρέσκετο,
758 2423 884 2499 πολλάς
906 2418 943 2486 δὲ
965 2419 1021 2487 καὶ
1040 2419 1076 2486 ἐκ

57 2538 126 2592 τῶν
145 2527 330 2612 ἀλλοτρίων
349 2525 462 2592 ἐθνῶν
480 2529 597 2611 γήμας,
617 2521 788 2604 Σιδωνίας
805 2524 861 2592 καὶ
879 2529 1002 2612 Τυρίας
1020 2523 1075 2592 καὶ

54 2632 290 2718 Ἀμμανίτιδας
316 2630 372 2698 καὶ
397 2629 598 2716 Ἰδουμαίας,
625 2630 752 2716 παρέβη
781 2629 842 2717 μὲν
869 2635 948 2709 τοὺς
970 2637 1075 2697 Μωυ-

58 2738 133 2816 σέος
160 2741 300 2824 νόμους,
324 2739 365 2816 ,ὃς
392 2738 599 2823 ἀπηγόρευσε
626 2749 795 2804 συνοικεῖν
818 2749 890 2814 ταῖς
912 2737 973 2821 οὐχ
997 2737 1074 2821 ὁμο-

13 2865 42 2906 25
57 2848 193 2930 φύλοις,
229 2846 339 2929 <192>
376 2847 456 2922 τοὺς
488 2842 519 2909 δ’
554 2843 691 2909 ἐκείνων
721 2843 842 2929 ήρξατο
874 2843 1075 2928 θρησκεύειν

56 2955 171 3036 θεούς,
199 2957 271 3029 ταῖς
296 2949 428 3036 γυναιξὶ
450 2948 506 3017 καὶ
529 2960 574 3039 τῷ
597 2951 681 3035 πρὸς
703 2949 805 3027 αύτδις
828 2952 924 3036 έρωτι
946 2952 1074 3034 χαριζό-

56 3082 168 3143 μενος,
190 3056 279 3123 τούτ’
301 3058 382 3124 αὐτὸ
401 3055 606 3142 ὑπιδομένου
624 3066 685 3123 τοῦ
703 3054 902 3142 νομοθέτου,
920 3053 975 3120 καὶ
994 3076 1074 3140 προ-

58 3167 212 3241 ειπόντος
239 3164 283 3248 μή
311 3174 430 3247 γαμεῖν
452 3165 510 3240 τὰς
533 3163 832 3249 ἀλλοτριοχώρους,
859 3163 915 3227 ἵνα
938 3161 982 3246 μή
1005 3172 1075 3238 τοῖς

58 3268 168 3347 ξένοις
188 3267 420 3347 ἐπιπλακέντες
438 3272 532 3335 ἔθεσι
550 3280 618 3335 τῶν
633 3272 782 3355 πατρίων
796 3267 973 3351 ἀποστῶσι,
992 3264 1074 3352 μηδὲ

132 3408 492 3476 §188=3Reg.x26;
513 3408 750 3463 2Para1.1x25.
818 3411 901 3474 §190
921 3433 954 3453 =
974 3407 1073 3476 σῶος.
1098 3424 1099 3428 ’

56 3497 96 3549 XI
112 3502 136 3551 1.

113 3597 239 3636 Iosnpuvs.
259 3597 292 3636 11.
900 3591 944 3638 Ἃ
