2400 3840
89 139 156 203 244
453 138 732 193 ΑΡΧΔΙΟΔΟΓΙΔΣ

87 325 155 367 των
175 296 260 368 εἶναι
278 311 347 367 τῶν
363 299 527 387 πατέρων,
544 297 590 366 ἵν’
611 297 753 367 ἐκείνων
771 301 1010 372 ἀπολωλότων
1025 306 1105 382 αὐτὸς
1123 312 1126 349 ἵ

88 411 147 492 ζῆν
173 405 338 495 γλίχηται)
366 409 590 492 κατεκοιμήθη
612 408 696 492 πρός
717 429 791 473 τινι
815 408 968 502 δένδρφ.
1013 412 1123 500 (349)]

88 516 312 601 διεγείραντος
344 510 375 578 δ’
405 512 509 579 αὐτόν
538 536 630 590 τινος
656 511 808 591 άναστδς
835 516 994 603 εὑρίσκει
1019 540 1123 604 παρα,

86 618 241 705 κειμένην
273 620 362 709 αύτῷ
389 620 529 705 τροφήν.
570 620 689 704 φαγὼν
717 614 756 684 δέ
784 618 845 686 καὶ
874 623 1124 710 συλλεξάμενος]

87 726 123 792 ἐκ
150 736 209 811 τῆς
235 735 362 813 τροφής
389 724 517 810 ἐκείνης
542 725 605 808 τήν
631 725 796 810 δύναμιν,
826 729 878 806 είς
906 731 950 796 τὸ
979 736 1124 797 Σιναῖοιῖ

85 835 293 918 καλούμενον
311 836 389 918 ὄρος
407 835 635 918 παραγίνεται,
656 825 698 897 οὗ
715 834 876 919 Μωυσῆς
895 840 983 915 τοῦς
1000 842 1106 924 νόμους
1123 839 1125 888 3

85 940 174 1025 παρὰ
206 947 267 1003 τοῦ
293 945 379 1003 θεοῦ
407 936 537 1021 λέγεται
565 936 690 1023 λαβεῖν.
736 938 854 1024 (350)
881 943 1003 1030 εὑρὼν
1030 943 1058 1010 δ’
1079 943 1105 1008 ἐν

86 1045 175 1131 αὐτῷ
202 1045 366 1126 σπήλαιόν
392 1068 424 1109 τι
453 1044 569 1111 κοῖλον
592 1050 723 1128 εῖσεισι,
749 1042 808 1110 καὶ
833 1047 993 1116 διετέλει
1008 1050 1105 1117 τοιού

85 1173 183 1234 μενος
210 1146 247 1214 ἐν
274 1148 364 1238 αὐτῷ
391 1150 453 1233 τήν
479 1152 595 1234 μονήν.
642 1148 800 1236 ἐρομένης
830 1151 875 1219 δέ
894 1178 998 1235 τινος
1020 1143 1131 1223 αύτύν

85 1263 201 1340 φωυής
228 1254 261 1335 ἐξ
289 1254 416 1338 ἀδήλου
443 1259 479 1320 τί
502 1259 621 1344 παρείη
648 1259 900 1337 καταλελοιπὼς
930 1263 999 1346 τήν
1023 1258 1131 1330 πύλινκῖ

85 1362 200 1447 ἐκεῖσε,
212 1364 280 1428 διά
302 1365 340 1429 τὸ
363 1373 490 1428 κτεῖναι
513 1359 575 1447 μὲν
593 1365 672 1440 τοὺς
688 1363 867 1448 προφήτας
886 1377 963 1435 τῶν
982 1368 1103 1448 ξενικῶν
1129 1407 1131 1422 =

83 1476 187 1553 θεῶν,
210 1482 321 1536 πεῖσαι
344 1465 382 1534 δὲ
404 1471 463 1535 τὸν
486 1470 570 1534 λαὸν
592 1469 643 1534 ὅτι
666 1471 844 1554 μύνοςεῖη
864 1475 954 1552 θεὸς
975 1476 994 1542 ὁ
1014 1474 1103 1542 ὢνὸν
1127 1483 1130 1549 J

85 1573 118 1650 ἐξ
138 1573 241 1660 ἀρχῆς
259 1573 499 1660 ἐθρήσκευσαν,
517 1576 823 1659 ἐφησε·’ζητεῖσθαι
842 1578 993 1665 γὰρ’ἐπὶ
1012 1583 1101 1668 τούτῳ

84 1681 168 1766 πρὸς
189 1683 352 1767 τιμωρίαν
370 1681 436 1746 ὑπὸ
454 1689 513 1766 τῆς
530 1683 689 1763 γυναικὸς
706 1690 768 1747 τοῦ
786 1683 969 1767 βασιλέως.
1008 1687 1101 1773 (351)
1126 1698 1127 1760 J

84 1786 186 1853 πάλιν
207 1784 245 1852 ’δ’
271 1786 414 1864 άκούσας
441 1792 622 1873 προελθεῖν
645 1789 694 1865 είς
715 1789 754 1852 τὸ
780 1785 962 1876 ὕπαιθρον
991 1803 1034 1880 τῇ
1060 1792 1128 1862 ἐπ-ῖς

86 1896 183 1982 ιούση
206 1891 410 1982 (γνώσεσθαι
423 1894 496 1979 ,γάρ
520 1893 607 1959 ούτω
634 1896 670 1958 τί
695 1894 748 1987 δεῖ
768 1895 909 1979 ποιεῖν),
937 1906 1101 1985 προῆλθεν
1123 1902 1126 1985 [³

85 2000 121 2066 ἐκ
143 2011 203 2067 τοῦ
227 2004 391 2084 σπηλαίου
411 1997 488 2084 μεθ’
509 1998 646 2086 ἡμέραν,
668 1996 725 2064 καὶ
743 2007 881 2082 σεισμοῦ
900 1999 934 2066 τ’
956 2003 1101 2072 ἐπακούει
1124 2006 1128 2081 ᾖ

84 2105 140 2170 καὶ
163 2107 318 2190 λαμπράν
339 2108 454 2192 πυρὸς4
468 2105 576 2189 αὐγήν
599 2106 669 2192 ὁρᾷ.
712 2105 822 2188 <352>
844 2099 901 2170 καὶ
927 2110 1101 2197 γενομένης

84 2210 222 2292 ἡσυχίας
254 2210 351 2293 φωνή
383 2213 461 2274 θεία
493 2212 537 2294 μὴ
569 2212 789 2298 ταράττεσθαι
816 2223 887 2288 τοῖς
917 2217 1103 2301 γινομένοις

85 2313 188 2377 αὐτὸν
214 2316 470 2398 παρακελεύεται
499 2314 690 2401 (κρατήσειν
717 2319 780 2404 γάρ
796 2315 936 2383 ,οὐδένα
962 2333 1035 2388 τῶν
1062 2313 1134 2407 έγ-ῖῖ

85 2426 182 2505 θρῖον
204 2416 334 2507 αὐτοῦ),
360 2419 542 2507 προσέταξέ
562 2419 599 2486 θ’
624 2422 954 2510 ὑποστρέψανταείς
977 2429 1042 2512 τήν
1063 2431 1103 2494 οί-
1135 2457 1136 2465 ¹

85 2528 179 2591 κείαν
208 2522 379 2606 ἀποδεῖξαι
395 2536 476 2595 τοῦ.
490 2529 643 2611 πλήθους
666 2527 803 2612 βασιλέα
823 2527 933 2612 Ἰηοῦν
958 2535 1022 2599 τὸν
1045 2537 1103 2600 Νε-
1137 2549 1139 2577 ÷

86 2639 246 2722 μεσσαίου
264 2636 378 2720 παῖδα,
401 2634 436 2700 ἐκ
455 2639 636 2720 Δαμασκοῦ
655 2630 693 2698 δέ
710 2644 779 2700 τῶν
797 2634 923 2720 Σύρων
938 2634 1103 2724 Ἀζάηλονι

87 2743 158 2810 ἄντ’
185 2745 289 2813 αὐτοῦ
316 2741 353 2809 δέ
380 2745 556 2831 προφήτην
578 2739 765 2807 Ἐλισσαῖον
792 2739 847 2806 ὑπ’
876 2741 985 2810 αὐτοῦ
1013 2746 1103 2829 γενή-

87 2857 206 2917 σεσθαι
235 2851 270 2916 ἐκ
292 2854 419 2926 πόλεως
438 2847 583 2934 Ἀβελάς·
617 2849 798 2936 διαφθερεῖ
818 2844 856 2911 δέ
878 2857 940 2913 τοῦ
963 2850 1131 2937 άσεβοῦςῖ

87 2960 189 3040 ὄχλου
216 2960 294 3032 τοὺς
318 2952 380 3039 μέν
400 2953 552 3037 Ἀζάηλος
574 2950 712 3031 τοὺςδέ
732 2950 845 3036 Ἰηοῦς.
891 2953 1049 3039 <353>δ
1073 2954 1101 3023 δ’

85 3059 199 3138 Ἠλίας
230 3058 432 3145 ὑποστρέφει
463 3056 559 3123 ταῦτ’
595 3059 738 3138 ἀκούσας
770 3061 817 3137 είς
849 3059 910 3142 τήν
939 3058 1103 3150 Ἑβραίων

87 3171 209 3255 χώραν,
231 3164 286 3230 καὶ
308 3166 369 3231 τὸν
388 3163 552 3247 Σαφάτου
574 3165 677 3229 παῖδα
697 3162 884 3231 Ἐλισσαῖον
906 3172 1104 3254 καταλαβὼν

88 3274 234 3360 άροῦντα
251 3269 306 3336 καὶ
324 3268 391 3354 μετ’
412 3269 516 3336 αὐτοῦ
534 3272 627 3348 τινάς
644 3271 767 3348 άλλους
785 3270 987 3350 ἐλαύνοντας
1006 3277 1102 3358 ζεύγη

88 3378 231 3461 δώδεκα,
254 3377 451 3463 προσελθὼν
475 3374 651 3464 ἐπέρριψεν
674 3375 763 3465 αὐτῷ
786 3379 832 3443 τὸ,
848 3379 937 3444 ῖδιον
960 3381 1135 3464 ι’μάτιον.ῖ0

158 3503 239 3563 §349
259 3524 293 3543 ==
312 3495 412 3564 8Reg.
431 3496 496 3551 ΧΙΧ
511 3502 535 3552 5.

168 3768 224 3777 ,an-2
