2400 3840
119 124 183 188 194
485 122 760 176 ΔΡΧΔῙΟΔΟΓΙΔΣ

118 283 191 351 οὐδ’
213 285 395 372 ἀλλοτρίως
411 286 496 370 πρὸς
513 285 593 362 τούς
610 281 671 368 οὐχ
690 282 886 369 ὁμοφύλους
907 285 1043 369 ἔχομεν,
1066 282 1140 348 ἀλλὰ
1180 296 1184 341 ¹

116 403 197 459 πᾶσι
220 393 338 475 κοινήν
360 391 422 474 τήν
444 390 509 456 ἀπὸ
533 397 595 456 σοῦ
618 391 782 474 βοήθειαν
802 385 860 454 καὶ
883 391 953 474 τήν
975 401 1047 456 τῶν
1071 389 1184 475 ἀγα-ξ

117 507 193 566 θῶν
216 501 334 582 ὄνησιν
356 496 518 583 ὑπάρχειν
541 493 767 580 ἐδελήσαμενί
1182 554 1184 559 .

80 628 98 677 4
185 607 294 690 <118>
319 604 422 670 είπδον
443 611 547 669 ταῦτα
574 600 630 668 καὶ
654 602 755 689 βίήας
781 601 886 668 αὐτὸν
915 601 974 669 ἐπὶ
997 605 1063 688 τήν
1086 612 1143 688 γῆν
1182 638 1184 695 ;

116 711 171 779 καὶ
191 709 244 777 ἐπὶ
262 711 391 794 πολλήν
409 711 501 797 ὤραν
518 711 762 796 προσκυνήσας,
785 708 933 787 ἀναστὰς
954 714 1086 789 θυσίας
1101 719 1162 798 τῷι

116 827 186 907 θεῷ
208 819 428 904 προσήνεγκε,
450 814 507 882 καὶ
529 819 666 901 γεμίσας
686 827 756 908 τῶν
779 815 978 902 ὁλοκλήρων
1003 817 1142 903 ἱερείων,

118 923 337 1010 ἐναργέστατα
359 924 420 989 τὸν
442 926 526 989 θεὸν
548 922 655 1007 ήδέως
672 924 759 1007 ἔγνω
779 922 911 988 ἅπασαν
929 924 998 1007 τήν
1016 927 1141 990 θυσίαν

116 1031 397 1116 προσδεχόμενον·
419 1038 487 1116 πῦρ
511 1031 574 1116 γάρ
598 1028 631 1108 ἐξ
650 1027 748 1115 ἀέρος
766 1028 957 1115 διαδραμὸν
980 1027 1040 1096 καλ
1063 1030 1142 1096 ποίν-

117 1160 185 1202 των
207 1134 364 1221 ὁρώντων
388 1133 441 1200 ἐπὶ
463 1136 524 1202 τὸν
546 1138 661 1221 βωμὸν
681 1129 764 1224 ᾆξαν
781 1135 913 1201 ἅπασαν
930 1136 1000 1219 τήν
1016 1138 1142 1201 θυσίαν

117 1242 287 1329 ἀνήρπασε
308 1238 364 1307 καὶ
386 1242 612 1308 κατεδαίσατο.
658 1241 768 1326 <119>
790 1241 913 1324 ταύτης
935 1237 979 1307 δὲ
997 1250 1059 1326 τῆς
1079 1240 1172 1306 ἐπι-ο

118 1353 259 1436 φανείας
284 1347 466 1434 γενομένης
492 1348 510 1414 ὁ
538 1344 600 1433 μὲν
628 1350 721 1432 λαός,
753 1348 900 1430 δήλωσιν
927 1341 1021 1414 εἶναι
1048 1344 1139 1413 ταῦτ’

119 1458 332 1540 είκοίσαςτής
355 1455 460 1544 ἐντῷ
487 1464 557 1543 ναςδ
583 1461 645 1519 τοῦ
671 1460 756 1520 θεοῦ
783 1455 957 1539 διατριβῆς
982 1452 1142 1540 ἐσομένης

118 1560 174 1627 καὶ
197 1561 325 1646 ήσθείς,
347 1562 545 1648 προσεκύνει
567 1560 678 1626 πεσὼν
702 1558 755 1625 ἐπὶ
777 1559 957 1643 τοῦδαφος,
983 1558 1064 1627 δδέ
1087 1565 1142 1645 βα-

119 1669 231 1744 σιλεὺς
254 1666 405 1750 εὐλογεῖν
427 1664 456 1731 τ’
477 1665 598 1754 ήρξατο
619 1663 675 1732 καὶ
698 1668 736 1732 τὸ
755 1672 886 1750 πλῆθος
907 1663 1013 1733 ταύτὸ
1032 1677 1143 1733 ποιεῖν

118 1776 295 1862 παρώρμα,
326 1774 484 1858 δείγματα
516 1771 578 1859 μὲν
607 1776 743 1859 ἐχοντας
773 1772 838 1856 ήδη
869 1779 929 1854 τῆς
959 1781 1026 1838 τοῦ
1057 1780 1173 1838 θεοῦιι

119 1885 203 1970 πρὸς
226 1882 348 1959 αὐτοὺς
370 1880 555 1966 εὐμενείας,
582 1881 693 1965 <120>
720 1878 919 1965 εὐχομένους
947 1875 985 1944 δὲ
1012 1877 1139 1946 τοιαῦτ’

120 1990 316 2074 ἀποβαίνειν
339 1985 390 2053 ἀεὶ
413 1988 453 2052 τδι
476 1984 555 2073 παρ’.
580 1984 710 2052 ἐκείνου
736 1983 792 2050 καὶ
816 1985 878 2068 τήν
901 1984 1062 2050 διάνοιαν
1084 1986 1141 2052 αὐ

119 2107 191 2171 τοῖς
203 2094 357 2178 καθαρὰν
371 2092 436 2158 ἀπὸ
453 2094 561 2176 ποίσης
579 2094 806 2179 φυλάττεσθαι
824 2093 941 2169 κακίας
959 2089 995 2156 ἐν
1014 2093 1141 2158 δικαιο-

121 2200 205 2282 σύνη
227 2196 283 2262 καὶ
306 2201 470 2283 θρησκείᾳ
491 2197 547 2262 καὶ
569 2208 615 2286 τῷ
637 2200 696 2277 τὰς
719 2196 855 2274 ἐντολὰς
876 2207 1002 2283 τηρεῖν,
1026 2196 1067 2274 ἃς
1086 2199 1141 2263 διὰ

120 2301 286 2377 Μωυσέος
309 2301 423 2378 αὐτοῖς
446 2303 569 2367 ἐδωκεν
592 2302 610 2369 ὁ
633 2306 724 2387 θεός,
747 2301 978 2388 διαμένουσιν·
1002 2305 1173 2370 ἐσεσθαιν

120 2409 183 2494 γάρ
207 2407 313 2484 οὐτως
330 2407 490 2492 εὐδαιμον
508 2409 546 2472 τὸ
561 2405 723 2494 Ἑβραίων
746 2413 848 2489 ἐθνος
864 2408 920 2475 καὶ
938 2412 1066 2488 παντὸς
1083 2411 1140 2476 ἀν-

120 2516 268 2601 θρώπων
300 2512 420 2597 γένους
451 2515 707 2603 μακαριώτερον.
754 2518 871 2601 <121>
898 2517 1078 2603 παρεκάλει
1104 2539 1139 2582 τε

121 2624 342 2710 μνημονεύειν
364 2623 410 2702 ὡς
432 2613 483 2702 οἷς
504 2621 681 2707 ἐκτήσαντο
699 2624 740 2690 τδι
757 2620 894 2710 παρόντ’
916 2621 1041 2707 ἀγαθοί,
1064 2624 1139 2689 τού

121 2757 191 2810 τοις
209 2732 293 2798 αὐτὰ
314 2728 369 2797 καὶ
388 2734 506 2818 βέβαια
524 2731 634 2811 ἕξουσι
652 2728 707 2797 καὶ
726 2731 823 2815 μείζω
841 2725 897 2795 καὶ
915 2732 1018 2795 πλείω
1041 2753 1139 2796 κατα-

122 2842 289 2923 στήσουσι.
326 2837 367 2903 οὐ
385 2839 448 2924 γάρ
467 2842 583 2923 λαβεῖν
601 2837 685 2902 αὐτοὶ
703 2839 808 2921 μόνον
826 2833 870 2900 δι’
893 2833 1067 2920 εὐσέβειαν
1084 2833 1140 2902 καὶ
1151 2850 1174 2894 2⁶

123 2945 354 3026 δικαιοσύνην,
381 2942 465 3009 ἀλλά
491 2941 547 3008 καὶ
569 2939 724 3018 καθέξειν
752 2943 809 3007 διὰ
831 2950 934 3007 ταῦτα
958 2943 1140 3027 προσήκειν

122 3048 383 3136 ὑπολαμβάνειν·
404 3042 490 3112 εἶναι
509 3043 547 3112 δὲ
565 3057 635 3123 τοῖς
649 3045 842 3133 ἀνθρώποις
860 3048 921 3133 οὐχ
936 3048 1042 3125 οὕτως
1056 3048 1140 3134 μέγα

122 3161 160 3224 τὸ
184 3157 372 3241 κτήσασθαί
391 3177 423 3218 τι
446 3164 514 3219 τῶν
536 3151 597 3237 οὐχ
615 3152 833 3239 ὑπαρχόντων
856 3154 902 3232 ὡς
918 3158 956 3221 τὸ
976 3166 1080 3220 σῶσαι
1099 3157 1140 3221 τὰ

123 3261 327 3349 πορισθέντα
349 3257 405 3325 καὶ
427 3255 532 3345 μηδὲν
554 3258 712 3346 ἁμαρτεῖν
735 3261 783 3337 είς
805 3261 933 3346 βλοίβην
956 3259 1076 3326 αὐτῶν.

195 3396 824 3471 §11822Pamkv1113anamma.
897 3399 1137 3468 §120=3Reg.

125 3486 188 3543 vm
202 3493 244 3542 ιτ.
426 3513 429 3520 ·
