2400 3840
93 138 135 203 28
461 141 734 193 ΔΡΧΑΙΟΛΟΓΙΑΣ

93 303 173 378 θεὸς
201 302 314 380 αὐτοῖς
341 301 395 369 καλ
423 313 589 388 συγχωρεῖ
615 304 793 387 βαδίσασιν
821 300 875 369 ἐπὶ
907 305 945 368 τὸ
975 309 1108 390 στρατό·

92 409 196 474 πεδον
222 421 290 476 τῶν
317 409 450 495 ἐχθρῶν
477 413 674 496 διαφθεῖραι
701 412 780 486 τοὺς
807 408 844 475 ἐν
872 410 962 500 αὐτῷ
990 413 1107 497 τυγχά-

93 539 221 593 νοντας.
258 517 367 601 <123>
382 519 533 595 εἰπόντος
552 513 589 582 δέ
607 527 667 582 τοῦ
682 515 795 602 ίερέως
808 518 852 601 μή
867 516 1108 603 ἀποκρίνεσθαι

92 622 153 688 τὸν
175 626 269 707 θεόν,
293 621 376 688 ’ἀλλ’
398 624 439 688 οὐ
458 625 534 709 δίχα
557 626 664 700 αίτίας
681 623 782 700 τινός’
807 619 899 689 εἶπεν
917 623 936 689 6
956 625 1108 702 Σάουλος

93 726 375 813 πυνθανομένοις
400 729 481 813 ἡμῖν
508 731 626 815 φωνήν
657 730 698 795 οὐ
730 730 871 795 δίδωσιν
898 730 916 796 6
945 735 1042 815 θεός,
1074 732 1129 808 δς5

92 837 255 920 πρότερον
269 834 369 912 αὐτὸς
384 838 598 921 προυμήνυσε
615 835 722 901 πάντα
735 832 790 900 καὶ
804 832 882 921 μηδ’
899 835 1108 922 ἐπερωτῶσιν

93 943 221 1025 ἔφθασε
243 939 361 1026 λε’γων,
389 940 462 1008 ἀλλ’
489 945 558 1008 ἐστι
580 964 611 1007 τι
635 942 809 1008 λανθάνον
832 941 865 1020 ἐξ
887 941 983 1028 ήμῶν
1007 945 1107 1031 ἁμάρ-

91 1069 177 1129 τημα
195 1048 279 1132 πρὸς
292 1049 395 1114 αὐτὸν
413 1055 522 1114 αίτιον
537 1057 596 1132 τῆς
609 1057 743 1132 σιωπῆς.
790 1049 899 1132 <124>
913 1048 969 1114 καὶ
984 1054 1109 1136 όμνυμί

91 1174 129 1232 γε
151 1162 271 1219 τοῦτον
294 1155 397 1220 αὐτὸν
419 1150 439 1239 ή
462 1155 544 1239 μήν,
571 1153 634 1220 κάν
661 1155 679 1221 6
707 1166 786 1231 παῖς
809 1155 827 1220 6
850 1153 928 1241 ἐμὸς
949 1154 1107 1241 Ἰωνάθης

91 1250 112 1342 ή
134 1257 172 1322 τὸ
196 1256 368 1345 ἁμάρτημα
391 1269 490 1326 τοῦτο
518 1258 756 1344 ἐργασάμενος,
784 1259 979 1328 ἀποκτενεῖν
1006 1265 1140 1330 αὐτὸνω

91 1361 146 1429 καὶ
168 1366 229 1431 τὸν
251 1367 335 1432 θεὸν
354 1366 458 1443 οὕτως
477 1365 651 1431 ἱλάσεσθαι
671 1367 716 1444 ὡς
734 1366 777 1432 άν
796 1368 826 1431 εί
842 1364 898 1432 καλ
916 1367 995 1455 παρ’
1012 1371 1106 1437 άλλο-

90 1474 187 1555 τρίου
214 1469 269 1536 καὶ
297 1468 402 1556 μηδὲν
435 1469 506 1557 ἐμοὶ
538 1473 764 1557 προσήκοντος
795 1474 857 1557 τήν
887 1471 971 1562 ὑπὲρ
1005 1477 1107 1543 αὐτοῦ

91 1576 188 1659 δίκην
216 1577 471 1663 άπελάμβανον.’
527 1580 636 1663 <λ25>
666 1588 727 1644 τοῦ
760 1575 797 1644 δέ
829 1581 983 1662 πλήθους
1009 1593 1106 1649 τοῦτο

90 1695 200 1751 ποιεῖν
218 1684 465 1769 ἐπιβοήσαντος,
483 1695 682 1771 παραχρῆμα
695 1685 821 1764 πάντας
839 1687 969 1770 ἵστησιν
984 1691 1033 1766 είς
1050 1690 1107 1756 ἕνα

91 1795 210 1876 τόπον,
237 1793 366 1858 ἵσταται
394 1788 431 1857 δὲ
457 1790 512 1857 καὶ
535 1792 635 1868 αὐτὸς
658 1794 721 1856 σὺν
743 1801 788 1880 τῷ
811 1790 906 1858 παιδὶ
928 1793 1000 1860 κατ’
1026 1799 1106 1863 ἄλλο
1120 1814 1143 1856 ιι

90 1898 200 1987 μέρος,
218 1898 273 1966 καλ
292 1901 402 1990 κλήρῳ
421 1900 481 1965 τὸν
499 1899 707 1984 ἡμαρτηκότα
726 1905 850 1983 μαθεῖν
868 1898 1022 1983 ἐπεζήτει.
1053 1901 1107 1968 καὶ

90 2007 246 2092 λαγχάνει
271 2008 383 2073 δοκεῖν
410 2001 507 2083 οὗτος
534 2001 620 2071 εἶναι
640 2003 808 2088 Ἰωνάθης.
853 2006 963 2091 <126>
987 2006 1108 2094 ἐπερω·

89 2112 234 2194 τῶμενος
262 2110 293 2176 δ’
318 2113 383 2178 ὑπὸ
411 2121 472 2177 τοῦ
499 2112 623 2197 πατρὸς
650 2114 685 2176 τί
704 2114 862 2194 πεποίηκε
882 2110 937 2177 καὶ
960 2119 1108 2199 πεπλημ-

89 2214 208 2299 μέληκε
235 2213 291 2280 καὶ
317 2220 353 2282 τί
376 2218 465 2302 παρά
491 2218 552 2283 τὸν
579 2220 655 2301 βίον
683 2217 743 2282 οὐκ
767 2216 879 2303 ὀρθῶς
906 2216 981 2284 οὐδ’
1008 2220 1108 2298 ὁσίως

89 2321 177 2409 αὑτιβ
202 2320 453 2410 διαπραξαμένῳ
477 2321 679 2406 συνέγνωκε,
708 2322 842 2409 πάτερ’
871 2320 977 2408 εἶπεν,
1005 2325 1105 2393 “άλλο
1120 2347 1146 2388 εο

88 2422 150 2511 μὲν
173 2425 302 2510 οὐδε’ν,’
330 2428 380 2493 ὅτι
409 2424 446 2493 δέ
467 2425 549 2513 χθὲς
576 2427 709 2510 ἀγνοῶν
731 2429 793 2512 τήν
815 2429 901 2515 άρδιν
923 2431 1028 2497 αὐτοῦ
1050 2432 1105 2498 καὶ

87 2534 148 2599 τὸν
171 2533 271 2619 όρκον
292 2533 412 2619 μεταξὺ
431 2534 563 2601 διώκων
580 2537 658 2612 τοὺς
675 2539 854 2621 πολεμίους
873 2534 1030 2618 ἐγεύσατο
1048 2563 1105 2622 κη-

88 2643 172 2728 ρίον.
219 2641 373 2720 Σάουλος
401 2639 432 2708 δ’
458 2641 651 2710 ἀποκτενεῖν
680 2643 783 2708 αὐτὸν
805 2644 940 2726 ὄμνυσι,
967 2643 1105 2729 καὶτῆς

87 2748 247 2832 γενέσεως
267 2748 323 2817 καὶ
341 2761 400 2835 τῆς
418 2753 550 2836 φάσεως
570 2761 637 2816 τῶν
655 2754 804 2835 φίλτρων
822 2751 1027 2835 προτιμήσας
1044 2754 1105 2817 τὸν

88 2857 196 2940 ὅρκον.
244 2858 352 2940 <127>
377 2857 395 2924 6
416 2855 446 2922 δ’
467 2859 508 2923 οὐ
528 2856 784 2936 καταπλήττεται
802 2856 864 2938 τήν
887 2855 1026 2939 άπειλήν
1044 2869 1105 2923 τοῦ
1120 2878 1144 2920 τι

86 2961 248 3045 θανάτου,
270 2962 564 3048 παραστησάμενος
587 2957 618 3024 δ’
645 2959 787 3041 εὐγενῶς
813 2958 868 3025 καὶ
897 2968 1106 3050 μεγαλοφρό·

86 3093 152 3147 νως
184 3065 273 3134 ὀὐδ’
303 3067 367 3150 ἐγώ
395 3066 447 3133 σε’
475 3070 580 3152 φησίν
608 3064 780 3131 εἱκετεύσω
812 3057 998 3151 φείσασθαί
1027 3095 1105 3155 μου,

85 3175 201 3261 πάτερ·
220 3175 355 3260 ήδιστος
373 3171 417 3249 δέἹ
428 3196 484 3258 μοι
504 3173 521 3238 6
540 3173 688 3249 θάνατος
706 3169 789 3257 ὑπέρ
807 3196 843 3238 τε
856 3183 915 3257 τῆς
933 3183 993 3258 σῆς
1012 3178 1104 3243 εὐσε-

85 3285 177 3366 βείας
208 3286 383 3367 γινόμενος
411 3277 465 3345 καλ
494 3276 547 3345 ἐπὶ
575 3282 650 3363 νίκη
674 3284 821 3365 λαμπρᾷ·
853 3278 1011 3363 μέγιστον
1038 3285 1102 3368 γὰρ

83 3389 301 3473 παραμύθιον
323 3389 360 3454 τὸ
382 3390 575 3454 καταλιπεῖν
594 3382 767 3469 Ἑβραίους
790 3389 1026 3451 Παλαιστινῶν
1049 3413 1101 3456 κε-
1116 3408 1145 3450 ιο

155 3505 550 3576 §123-1M.XIV86.
