2400 3840
529 133 627 182 EKTH
1042 133 1083 194 41

71 292 240 375 γύμναστο
272 292 336 375 γάρ
364 289 437 355 οὐδ’
471 289 670 374 ἐμεμαθήκει
698 289 815 376 φέρειν
842 291 940 378 ὅπλα)
970 295 1087 360 “ταῦτα

71 395 148 481 μέν’
172 392 274 480 εἶπεν,
298 393 335 462 ‘6
359 401 510 481 βασιλεῦ,
540 400 598 473 σὸς
621 399 702 461 ἔστω
725 400 847 482 κόσμος
869 409 929 464 τοῦ
951 398 1006 464 καὶ
1030 405 1087 484 βα-

72 503 201 582 στάζειν
224 502 424 587 δυναμένου,
448 504 663 586 συγχώρησον
686 499 724 568 66
747 504 791 580 ὡς
815 505 924 593 δούλῳ
948 522 1010 570 σου
1032 504 1088 570 καὶ

71 609 116 686 ὡς
139 607 204 692 ἐγὼ
227 610 389 693 βούλομαι
413 609 641 692 μαχεσθῆναι]
686 613 823 692 τίθησιν
845 605 907 676 οὖν
930 613 970 676 τά
993 612 1087 695 όπλα,

47 713 125 780 ικαὶ
148 715 211 798 τὴν
233 718 415 799 βακτηρίαν
438 713 611 798 ἀράμενος,
634 713 689 779 καὶ
711 714 809 781 πέντε
830 720 951 794 λίθους
975 717 1009 782 ἐκ
1028 727 1088 782 τοῦ

71 821 252 905 χειμάρρου
274 822 388 905 βαλὼν
410 823 458 897 είς
480 821 542 903 την
570 822 680 906 πήραν
707 823 769 904 τὴν
795 825 1006 908 ποιμενικην,
1033 822 1088 888 καὶ

72 927 263 1010 σφενδόνην
287 927 323 992 ἐν
346 936 385 1012 τῇ
405 926 496 1012 δεξιᾷ
514 925 600 1010 χειρὶ
620 925 742 1010 φέρων,
767 926 819 992 ἐπὶ
838 931 898 994 τὸν
917 930 1089 1012 Γολιάθην

73 1032 256 1117 ἐπορεύετο.
303 1032 414 1115 <186>
435 1045 640 1116 καταφρονεῖ
661 1030 692 1096 δ’
714 1033 819 1110 οὕτως
838 1035 921 1098 ἰδὼν
944 1034 1047 1101 αὐτὸν
1070 1035 1088 1101 6

71 1137 229 1221 πολέμιος
252 1137 442 1223 ἐρχόμενον,
464 1136 519 1202 καὶ
537 1136 773 1222 προσέσκωψεν
792 1139 836 1216 ὡς
855 1139 915 1223 οὐχ
934 1132 988 1204 οἷα
1006 1144 1089 1226 πρὸς

37 1244 256 1329 ιοάνθρωπον
283 1245 368 1309 ὅπλα
399 1247 589 1329 νενόμισται
620 1241 713 1309 ταῦτ’
744 1247 827 1328 ἔχων
855 1245 969 1329 μέλλοι
992 1248 1089 1330 μάχε-

74 1356 165 1432 σθαι,
188 1341 239 1427 οἷς
263 1347 300 1416 δὲ
322 1352 426 1427 κύνας
444 1349 674 1434 ἀπελαύνομεν
691 1349 746 1415 καὶ
765 1355 1010 1436 φυλαττόμεθα.
1045 1353 1088 1436 μη

73 1455 177 1522 αὐτὸν
208 1456 282 1522 άντὶ
314 1457 498 1541 άνθρώπου
528 1459 614 1522 κύνα
646 1452 731 1523 εἶναι
764 1459 868 1537 δοκεϊ;
901 1459 918 1524 6
952 1456 983 1522 δ’
1014 1456 1089 1542 οὐχὶ

71 1571 241 1647 τοιοῦτον,
269 1562 353 1629 άλλδι
379 1561 434 1627 καὶ
464 1567 562 1646 χείρω
589 1565 691 1640 κυνὸς
718 1562 821 1629 αὐτὸν
842 1568 989 1650 νομίζειν
1012 1565 1089 1630 άπε-

72 1673 219 1753 κρίνατο.
264 1681 352 1734 κινεῖ
368 1665 406 1734 δὲ
423 1672 507 1753 πρὸς
525 1669 629 1753 ὀργὴν
651 1671 711 1735 τὸν
730 1670 911 1753 Γολιάθην,
934 1669 989 1736 καὶ
1008 1671 1090 1756 άράς

38 1796 60 1835 ω
73 1775 162 1864 αὐτῷ
181 1779 310 1840 τίθεται
330 1775 365 1840 ἐκ
383 1783 441 1858 τῆς
459 1779 683 1860 προσηγορίας
701 1786 761 1841 τοῦ
779 1782 873 1859 θεοῦ,
894 1774 950 1841 καὶ
969 1777 1090 1841 δύσειν

73 1880 230 1964 ἠπείλησε
244 1881 302 1958 τάς
316 1881 439 1964 σάρκας
453 1879 640 1957 αὐτοῦτοῖς
655 1879 811 1963 ἐπιγείοις
823 1879 878 1945 καὶ
893 1893 963 1958 τοῖς
973 1905 1090 1966 μεταρ-

74 1990 160 2064 σίοις
192 1987 451 2051 διασπάσασθαι.
501 1985 670 2069 ἀμείβεται
703 1983 733 2049 δ’
764 1985 867 2050 αὐτὸν
893 1985 911 2051 6
938 1988 1091 2070 Δαυίδης

73 2094 182 2174 <187>
203 2093 257 2156 ξσὺ
280 2089 341 2176 μὲν
365 2089 493 2175 ἐπέρχει
512 2115 568 2175 μοι
592 2090 629 2156 ἐν
648 2093 796 2178 ῥομφαία
817 2088 872 2155 καὶ
897 2093 1012 2176 δόρατι
1035 2091 1090 2158 καὶ

72 2200 215 2282 θώρακι,
239 2197 302 2280 ἐγὼ
326 2193 364 2262 δὲ
385 2209 504 2282 χωρῶν
527 2196 579 2263 ἐπὶ
604 2193 641 2262 σὲ
663 2200 722 2264 τὸν
743 2200 828 2264 θεὸν
851 2199 1026 2284 ὥπλισμαι,
1054 2200 1091 2276 ὅς

35 2326 60 2366 ιο
74 2303 113 2369 σέ
133 2302 247 2370 τεκαὶ
270 2305 331 2386 τὴν
353 2313 464 2370 πᾶσαν
487 2306 581 2388 ὑμῶν
599 2306 756 2389 στρατιάν
774 2304 867 2390 χερσὶ
885 2317 956 2382 ταῖς
978 2304 1090 2389 ἡμετέ-

73 2435 149 2494 ραις
176 2408 332 2475 διολέσει·
362 2412 578 2494 καρατομήσω
606 2407 667 2496 μὲν
694 2411 756 2495 γάρ
785 2428 822 2477 σε
850 2414 1009 2498 σήμερον,
1036 2410 1091 2477 καὶ

73 2519 111 2582 τὸ
135 2519 217 2583 άλλο
241 2528 334 2601 σῶμα
356 2528 426 2593 τοῖς
449 2517 633 2600 ὁμοφύλοις
659 2514 736 2580 κυσὶ
758 2521 953 2601 παραβαλῶ,
983 2519 1091 2600 μαθη-

73 2640 190 2688 σονται
219 2618 257 2687 δέ
283 2622 404 2700 πάντες
431 2623 481 2688 ὅτι
507 2620 709 2706 προέστηκεν
732 2619 895 2705 Ἑβραίων
921 2624 959 2686 τὸ
982 2629 1090 2704 θεῖον,

72 2727 129 2794 καί
154 2730 238 2795 ὅπλα
266 2729 346 2812 ἡμῖν
372 2727 427 2793 καὶ
452 2731 545 2812 ίσχὺς
574 2723 664 2791 τοῦτ’
690 2728 759 2790 ἐστι
781 2726 981 2808 κηδόμενον,
1012 2726 1032 2808 ἡ
1057 2724 1088 2790 δ’

34 2856 59 2896 ιι
72 2837 158 2917 άλλη
181 2835 371 2920 παρασκευὴ
394 2833 448 2899 καὶ
472 2835 614 2918 δύναμις
637 2831 810 2915 ἀνωφελὴς
832 2837 917 2896 θεοῦ
939 2833 982 2915 μὴ
1008 2854 1091 2917 παρ-

73 2940 198 3018 όντος.’
257 2943 366 3025 <188>
395 2941 413 3006 6
446 2937 483 3005 δὲ
515 2940 741 3015 Παλαιστινὸς
772 2938 836 3003 ὑπὸ
868 2938 993 3022 βάρους
1024 2951 1091 3004 τῶν

73 3050 188 3115 ὅπλων
216 3051 264 3126 είς
291 3049 440 3130 ὠκύτητα
466 3045 521 3111 καὶ
550 3048 676 3132 δρόμον
704 3045 957 3130 ἐμποδιζόμενος
983 3045 1091 3129 βάδην

73 3153 128 3220 ἐπὶ
151 3157 212 3220 τὸν
232 3155 387 3236 Δαυίδην
409 3156 635 3237 παραγίνεται,
658 3163 878 3237 καταφρονῶν
900 3149 955 3215 καὶ
977 3173 1091 3216 πεποι-

72 3263 146 3338 θὼς
169 3262 300 3344 γυμνὸν
323 3261 407 3344 ὁμοῦ
434 3257 489 3323 καὶ
511 3259 615 3324 παῖδα
643 3262 690 3324 ἐτι
717 3260 778 3341 τὴν
804 3259 937 3341 ἡλικίαν
960 3257 1091 3334 ἀπόνως

33 3385 59 3426 ⁸⁰
72 3368 278 3453 άναιρησειν.
323 3366 432 3449 <189>
455 3364 584 3451 ἀπαντᾷ
607 3363 638 3428 δ’
664 3365 682 3431 6
705 3368 878 3439 νεανίσκος
907 3365 987 3446 μετά
1010 3381 1126 3448 συμσ

146 3493 229 3555 §185
249 3514 283 3534 =
304 3487 403 3556 1Reg.
422 3486 500 3539 XVII
515 3492 555 3541 39.
