2400 3840
501 143 648 194 ΔΕΚΑΤΗ
1015 140 1081 205 335

61 302 203 386 τρόπον·
224 300 310 384 <82>
325 300 343 367 6
358 297 396 365 δέ
408 311 477 366 τῶν
490 303 686 384 Αἰγυπτίων
700 304 854 386 βασιλεὺς
872 299 1083 386 ὑποστρέψας

62 406 129 471 ἀπὸ
152 413 212 487 τής
233 405 338 490 μάχης
356 404 596 490 μεταπέμπεται
614 408 674 473 τὸν
689 405 861 491 Ἰωάχαζον
878 408 962 492 πρὸς
978 406 1082 471 αὑτὸν

64 515 113 588 είς
138 509 267 595 Ἀμιιθοὶ
293 509 502 596 καλουμένην
529 515 643 596 πόλιν,
669 513 741 597 ήτις
769 509 837 578 ἐστὶ
860 520 919 597 της
941 514 1082 597 Συρίας,

63 615 121 682 καὶ
144 617 204 681 τὸν
226 612 288 700 μὲν
311 615 454 683 ἐλθόντα
477 619 589 701 ἔδησε,
615 626 661 706 τῷ
685 614 722 682 66
744 617 954 705 πρεσβυτέρῳ
977 617 1082 683 αὐτοῦ

35 722 212 810 ῡάόελφῷ,
230 721 419 812 ὁμοπατρίῳ
439 726 522 806 ἀντι,
538 721 711 811 Ἐλιακίμμ
730 723 887 808 τοῦνομα,
909 724 971 806 τήν
989 727 1082 808 βασι-

64 831 161 893 λείαν
188 828 410 913 παραδίδωσι,
438 822 664 914 μετονομάσας
691 829 794 895 αὐτὸν
818 828 998 914 Ἰωάκιμον.
1042 837 1082 914 τη

66 930 105 998 66
124 933 215 1020 χώρα
233 931 386 1012 ἐπέταξεν
404 931 522 1001 ἑκατὸν
540 935 704 1022 ἀργυρίου
721 936 876 1019 τάλαντα,
894 936 933 1000 ἓν
949 933 986 1000 δὲ
1004 958 1083 1020 χρυ-

65 1043 152 1104 σίου.
197 1039 285 1123 <83>
307 1037 363 1105 καλ
385 1049 484 1106 τοῦτο
507 1037 569 1124 μὲν
592 1039 693 1106 ἐτέλει
716 1038 919 1127 ὁἸωάκιμος
941 1043 979 1107 τὸ
1001 1046 1083 1125 πλή-

64 1151 131 1222 θος
162 1155 230 1210 τών
261 1145 452 1230 χρημάτων,
483 1147 543 1211 τὸν
572 1143 603 1210 6’
631 1143 804 1231 Ἰυάχαζου
835 1146 1004 1230 ἀπήγαγεν
1037 1147 1085 1223 είς

23 1271 52 1310 10
65 1256 252 1334 Αίγυπτον,
275 1248 384 1328 ὅςκαὶ
402 1250 613 1335 ἐτελεύτησεν
630 1250 669 1318 ἐν
687 1253 781 1338 αὐτή,
804 1255 1002 1337 βασιλεύσας
1024 1260 1085 1336 μή·

66 1381 129 1433 νας
159 1369 248 1442 τρεῖς
279 1355 402 1443 ήμέρας
428 1355 516 1424 δέκα.
566 1357 587 1439 ή
620 1355 657 1424 δὲ
688 1366 749 1424 τοῦ
774 1356 946 1442 Ἰώακίμου
978 1359 1084 1442 μήτηρ

67 1462 215 1528 έιιαλειτο
231 1464 399 1546 Ζαβούάα,
417 1462 453 1528 ἐκ
470 1467 597 1542 πόλεως
615 1461 646 1529 6’
665 1459 709 1548 ήυ
719 1461 890 1548 Ἀβούμας.
927 1461 1085 1546 ἐτύγχανε

68 1566 100 1633 6'
122 1568 170 1632 ών
192 1569 254 1651 τήν
276 1569 382 1652 φύσιν
399 1570 515 1646 ἀθικος
535 1567 592 1635 καλ
610 1578 805 1656 κακοῦργος,
828 1566 884 1635 καλ
902 1570 982 1653 μήτε
1003 1568 1086 1654 πρὸς

65 1675 153 1739 θεὸν
175 1673 267 1749 ὅσιος
289 1674 369 1757 μήτε
391 1676 475 1759 πρὸς
498 1673 702 1760 ἀνθρώπους
725 1674 878 1757 ἐπιεικής.

25 1798 53 1839 15
137 1777 232 1862 <84>
261 1780 335 1855 ἔτος
360 1777 392 1844 6'
422 1779 526 1844 αὐτοῦ
554 1788 615 1863 τῆς
640 1783 809 1864 βασιλείας
837 1779 994 1866 τέταρτον
1019 1779 1125 1860 ήὸηθ

70 1887 215 1969 ἔχοντος,
232 1884 294 1967 τήν
312 1887 540 1968 Βαβυλωνίων
558 1884 664 1970 ἀρχὴν
681 1886 931 1971 παραλαμβάνει
950 1908 1000 1961 τις
1016 1887 1087 1948 Να·

70 1991 358 2075 βουχοὸονόσορος
380 1991 496 2074 ὄνομα,
519 1989 556 2067 ὃς
578 1991 644 2056 ὑπὸ
666 1991 726 2055 τὸν
748 1989 851 2054 αὐτὸν
870 1991 989 2075 καιρὸν
1007 1989 1087 2071 μετά

70 2096 216 2180 μεγάλης
236 2103 447 2181 παρασκευῆς
466 2092 519 2160 ἐπὶ
536 2096 777 2182 Καρχάμισσάυ
797 2095 970 2180 ἀναβαίνει
988 2097 1088 2160 πόλιν

71 2199 158 2288 (ἔστι
181 2199 211 2265 6’
238 2201 320 2284 αύτη
342 2203 426 2287 πρὸς
447 2209 493 2290 τῷ
512 2199 701 2290 Εύφράτη),
722 2207 879 2286 πολεμεῖν
902 2201 1089 2285 διεγνωκὼς

29 2329 58 2368 νο
71 2316 118 2395 τῷ
136 2317 205 2372 τῶν
222 2309 419 2390 Αἰγυπτίων
437 2311 605 2393 Νεχαώνι·
626 2309 692 2376 ὑπὸ
710 2310 816 2398 τούτςο
834 2311 898 2395 γάρ
916 2303 960 2393 ήν
978 2309 1088 2374 ἅπασα

69 2413 91 2495 ἡ
115 2415 237 2498 Συρία.
281 2413 369 2496 <85>
393 2415 513 2498 μαθὼν
536 2411 574 2480 66
595 2417 658 2500 τήν
681 2425 741 2482 τοῦ
764 2418 985 2500 Βαβυλωνίου
1007 2436 1088 2499 προ-

70 2522 202 2605 αίρεσιν
228 2517 284 2584 καὶ
310 2519 372 2603 τήν
398 2517 450 2585 ἐπ’
479 2520 582 2586 αὐτὸν
612 2524 786 2607 στρατείαν
815 2520 834 2587 6
862 2522 981 2604 Νεχαὼ
1013 2515 1085 2584 οὐδ’

70 2625 173 2701 αὐτὸς
195 2624 422 2711 ὠλιγώρησεν,
444 2624 528 2690 ἀλλά
551 2627 614 2689 σὺν
635 2629 741 2708 πολλή
763 2622 849 2709 χειρὶ
871 2624 931 2688 τὸν
954 2625 1090 2704 Ναβου-

71 2732 297 2816 χοδονόσορον
319 2731 549 2815 ἀμυνούμενος
575 2727 761 2815 ἐξώρμησεν
790 2727 844 2793 έπλ
867 2730 930 2817 τὸν
952 2727 1090 2811 Εὐφρά-

29 2853 57 2895 2⁵
71 2860 143 2919 την.
185 2836 272 2920 <86>
292 2841 460 2922 συμβολῆς
479 2831 517 2900 66
535 2832 715 2919 γενομένης
731 2833 870 2918 ἡττήθη,
892 2830 948 2898 καλ
966 2835 1091 2910 πολλάς

71 2940 217 3027 ἀπέβαλε
239 2942 404 3027 μυριάδας
426 2940 463 3007 έν
480 2949 520 3026 τῇ
539 2940 634 3026 μάχη.
675 2941 793 3024 διαβάς
816 2936 853 3005 66
874 2941 935 3005 τὸν
952 2939 1090 3024 Εὐφρά-

70 3070 134 3130 την
157 3047 175 3112 ὁ
198 3048 415 3132 Βαβυλώνιος
436 3047 498 3130 τήν
521 3049 598 3133 ἀχρι
620 3049 816 3129 Πηλουσίου
839 3043 1091 3130 παραλαμβάνει

72 3155 206 3238 Συρίαν
235 3152 337 3239 πάρεξ
366 3161 424 3237 τῆς
450 3151 622 3230 Ἰουδαίας.
672 3152 771 3236 <87>
800 3149 939 3236 τέτταρα
968 3148 999 3214 6’
1033 3151 1089 3233 ἔτη

72 3259 308 3342 βασιλεύοντος
325 3259 389 3342 ήδη
407 3267 467 3324 τοῦ
482 3260 827 3343 Ναβουχοδονοσόρου
845 3258 968 3340 ὄγδοον
986 3250 1029 3338 ήν
1045 3264 1091 3342 τῷ

145 3403 160 3462 5
178 3403 212 3452 82
233 3424 267 3443 =
285 3397 385 3466 Πίος.
404 3396 496 3450 XXIII
511 3402 558 3466 333
577 3396 699 3453 2Paral.
717 3396 877 3453 XXXVI3.
968 3401 983 3462 ξ
1004 3399 1039 3450 84
1058 3420 1091 3441 ==

73 3484 171 3540 Ierem.
187 3485 274 3540 XLVI
288 3490 313 3540 2.
