2400 3840
505 160 656 212 EBAOMH
1024 162 1088 226 155

59 317 195 384 Ἴσακον
223 315 307 383 ὥσθ’
334 319 575 403 ὁλοκαιπῶσαι,
602 317 657 386 καὶ
681 312 859 405 μέλλοντος
884 321 1088 408 ἀποσφάττε-

67 432 153 490 σθαι
166 434 227 490 τοῦ
241 427 360 503 παιδὸς
377 429 474 512 κριὸν
493 425 651 511 ἐξαίφνης
667 427 879 512 ἀναφανῆναι
895 441 1087 515 παρεστῶτα

67 541 114 620 τῷ
139 536 250 620 βωμῷ,
273 532 313 597 ὃν
334 530 389 597 καὶ
412 530 597 598 κατέθυσεν
620 532 816 621 δ”Αβραμος
840 532 913 599 ἀντὶ
932 543 995 600 τοῦ
1012 557 1087 600 παι-

69 640 142 722 δός,
176 637 221 714 ὡς
251 640 501 725 προειρήκαμεν.
548 640 667 723 <334>
698 639 787 726 δρῶν
819 638 851 705 δ’
884 640 902 707 6
932 644 1088 725 βασιλεὺς

42 746 222 827 εΔαυίδης
248 754 307 829 τῆς
335 745 432 829 εὐχῆς
458 744 563 810 αὐτοῦ
589 746 650 810 τὸν
677 747 761 811 θεὸν
789 745 930 829 ἐπήκοον
953 770 1086 830 γεγενη-

67 850 171 936 μένον
189 847 244 915 καὶ
262 851 324 934 τήν
341 853 467 916 θυσίαν
484 848 590 934 ῆδέως
604 851 880 937 προσδεξάμενον,
900 856 1008 941 έκρινε
1025 856 1086 919 τὸν

67 961 172 1023 τόπον
200 956 328 1022 ἐκεῖνον
355 957 435 1022 ὅλον
466 958 580 1041 βωμὸν
611 967 878 1045 προσαγορεῦσαι
910 968 970 1026 τοῦ
1001 966 1085 1026 λαοῦ

67 1065 192 1140 παντὸς
222 1061 278 1128 καλ
310 1064 525 1147 οἰκοδομῆσαι
554 1065 639 1129 ναὸν
670 1073 716 1153 τῷ
746 1071 826 1154 θεῷ.
875 1065 930 1133 καὶ
961 1068 1086 1151 ταύτην
1193 1047 1196 1051 ¹

67 1155 232 1256 εὐστόχως
250 1169 377 1254 άφῆκεν
396 1172 444 1246 είς
461 1171 499 1235 τὸ
513 1172 738 1255 γενησόμενον
755 1173 817 1255 τήν
834 1175 964 1257 φωνήν·
985 1173 1002 1239 6
1022 1175 1084 1259 γάρ

27 1268 53 1335 ω
65 1279 148 1354 θεὸς
170 1278 230 1342 τὸν
252 1276 427 1361 προφήτην
451 1275 646 1354 ἀποστείλας
672 1279 755 1364 πρὸς
783 1279 885 1345 αὐτὸν
913 1278 982 1345 ἐκεῖ
1001 1281 1086 1344 ναὸν

66 1386 180 1466 ἔλεγεν
203 1382 435 1465 οἰκοδομήσειν
457 1381 561 1447 αὐτοῦ
579 1383 639 1447 τὸν
657 1384 733 1448 νίὸν
754 1385 814 1450 τὸν
832 1383 995 1469 μέλλοντα
1013 1382 1082 1469 μετ’

66 1489 172 1554 αὐτὸν
195 1489 255 1572 τὴν
278 1491 451 1573 βασιλείαν
474 1488 699 1574 διαδέχεσθαι.

134 1595 242 1679 <335>
267 1596 348 1679 μετά
376 1594 417 1677 δή
440 1596 564 1678 ταύτην
590 1597 652 1681 τήν
679 1599 885 1682 προφητείαν
913 1595 1084 1664 ἐκέλευσεν
1096 1598 1137 1664 14

66 1703 83 1769 6
108 1704 264 1786 βασιλεὺς
288 1699 555 1787 ἐξαριθμηθῆναι
579 1704 658 1780 τοὺς
680 1705 876 1789 παροίκους,
903 1702 959 1769 καὶ
987 1701 1085 1790 ηὑρέ-

24 1827 51 1868 15
65 1816 179 1891 θησαν
198 1810 245 1884 είς
263 1807 347 1873 ὀκτὼ
366 1808 530 1893 μυριάδας
544 1805 599 1872 καὶ
615 1805 702 1872 δέκα.
740 1807 775 1873 έκ
793 1810 922 1873 τούτων
936 1808 1084 1887 ἀπέδειξε

65 1917 231 1999 λατόμους
253 1911 314 1998 μέν
336 1917 416 1991 τοὺς
433 1915 721 1999 ὀκτακισμυρίους,
743 1913 780 1978 τὸ
801 1910 831 1978 δ’
853 1915 933 1980 άλλο
953 1918 1084 1997 πλῆθος

64 2019 273 2107 παραφέρειν
295 2022 374 2097 τοὺς
396 2023 529 2097 λίθους·
557 2022 760 2106 τρισχιλίους
788 2015 826 2084 δὲ
847 2017 903 2084 καὶ
925 2042 1083 2112 πεντακο-

65 2131 251 2204 σίουςτοῖς
270 2124 500 2212 ἐργαζομένοις
518 2124 551 2204 ἐξ
570 2125 682 2191 αὐτῶν
701 2123 886 2208 ἐπέστησεν.
926 2125 1084 2210 ῆτοίμασε

65 2232 103 2300 δὲ
126 2232 181 2299 καί
204 2236 312 2298 πολὺν
335 2234 475 2318 σίδηρον
497 2230 552 2298 καί
575 2232 699 2317 χαλκὸν
722 2232 770 2308 είς
792 2226 897 2322 τάργα
923 2231 979 2297 καὶ
1003 2231 1084 2311 ξύλα

22 2360 51 2398 20
64 2340 202 2426 κέδρινα
216 2340 322 2405 πολλὰ
335 2336 390 2403 καί
396 2335 709 2433 παμμεγεθέστατα,
730 2341 863 2424 Τυρίων
877 2339 966 2426 αὐτῷ
980 2348 1084 2404 ταῦτα

64 2449 262 2531 πεμπόντων
284 2442 339 2510 καὶ
363 2445 550 2510 Σιδωνίων.
593 2444 781 2511 ἐπεστάλκει
805 2446 870 2531 γάρ·
889 2445 1003 2522 αὐτοῖς
1021 2446 1083 2529 τήν

64 2565 133 2619 τῶν
152 2552 260 2631 ξύλων
277 2553 449 2637 χορηγίαν,
471 2551 579 2634 <336>
598 2553 681 2636 πρός
701 2574 737 2616 τε
754 2554 833 2627 τοὺς
851 2553 973 2635 φίλους
993 2553 1083 2634 ἔλεγε

64 2668 168 2724 ταῦτα
194 2657 500 2743 παρασκευάζεσθαι
528 2664 606 2740 νῦν,
639 2657 695 2721 ἵνα
725 2666 771 2744 τῷ
803 2654 958 2740 μέλλοντι
987 2654 1082 2721 παιδὶ

64 2765 256 2849 βασιλεύειν
274 2761 344 2847 μετ’
360 2761 464 2827 αὐτὸν
483 2758 617 2846 ἑτοίμην
634 2762 695 2845 τήν
712 2761 798 2850 ύλην
816 2768 874 2844 τῆς
893 2761 1085 2844 οἰκοδομίας

21 2886 51 2927 25
64 2879 126 2934 τοῦ
149 2879 233 2934 ναοῦ
255 2870 449 2952 καταλείπη,
477 2864 531 2932 καί
559 2867 603 2951 μή
631 2869 704 2932 τότε
727 2869 910 2953 συμπορίζη
937 2864 1013 2943 νέος
1036 2866 1084 2931 ὢν

64 2973 120 3041 καὶ
139 2986 206 3041 τῶν
224 2975 387 3039 τοιούτων
405 2975 540 3058 ἄπειρος
560 2974 615 3037 διδ
633 2973 695 3056 τήν
712 2972 855 3058 ἡλικίαν,
879 2973 962 3039 άλλδι
980 2994 1083 3057 παρα-

62 3079 220 3166 κειμένην
253 3083 338 3165 έχων
370 3079 500 3164 ἐπιτελῆ
532 3073 685 3166 τοῦργον.
732 3080 850 3163 (337)
878 3076 1018 3154 καλέσας
1046 3074 1118 3146 662

63 3189 125 3252 τὸν
143 3188 246 3252 παῖδα
263 3188 450 3275 Σολομῶνα
468 3185 707 3251 κατασκευάσαι
726 3195 771 3273 τῷ
790 3192 860 3273 θεῷ
878 3185 962 3249 ναὸν
981 3184 1084 3249 αὐτὸν
1186 3197 1196 3219 ·

65 3291 217 3358 ἐκέλευσε
241 3291 479 3381 διαδεξάμενον
496 3292 563 3382 4τήν
581 3295 763 3376 βασιλείαν,
786 3289 893 3373 λέγων
916 3290 961 3367 ὡς
982 3291 1085 3356 αὐτὸν

22 3417 52 3457 ³0
65 3403 274 3485 βουλόμενον
309 3402 489 3466 κωλύσειεν
523 3398 541 3466 6
574 3401 654 3475 θεὸς
689 3398 801 3482 αἵματι
836 3393 892 3461 καὶ
928 3395 1085 3482 πολέμοις

139 3527 154 3586 ξ
174 3526 226 3576 334
246 3548 279 3569 =
302 3521 512 3578 1Paral.XXH
529 3527 551 3576 1.
