2400 3840
510 162 636 215 ΟΓΔΟΗ
1019 161 1082 225 189

59 327 250 407 θησαυροῖς
275 330 336 386 τοῦ
363 329 457 387 θεοῦ.
507 319 681 407 περιέβαλε
708 318 746 401 δὲ
773 330 833 386 τοῦ
861 331 946 386 ναοῦ
972 324 1081 410 κύκλῳ
1108 304 1111 308 ,

60 431 192 509 γείσιον
214 425 276 512 μέν
298 429 380 492 κατά
403 428 464 511 τὴν
488 427 665 514 ἐπιχώριον
688 433 853 510 γλῶτταν,
878 429 1022 513 θριγκὸν
1045 426 1082 492 δὲ

60 530 140 617 παρ’
159 530 295 616 Ἕλλησι
319 537 509 619 λεγόμενον,
533 537 581 611 είς
598 546 688 621 τρεῖς
705 535 821 618 πήχεις
843 533 1021 616 ἀναγαγὼν
1044 536 1081 600 τὸ

58 639 158 722 ὕψος,
182 638 333 725 εἴρξοντα
356 638 514 725 μὲντοὺς
535 644 680 718 πολλοὺς
702 649 761 724 τῆς
783 642 831 717 εἰς
849 643 887 705 τὸ
906 641 998 725 ἰερὸν
1016 642 1082 705 εἰσ-

10 772 45 812 ιε
62 747 161 829 όδου,
189 749 305 830 μόνοις
333 745 364 812 δ’
392 746 569 832 ἀνειμένην
596 748 702 831 αὐτὴν
728 757 800 824 τοῖς
827 748 951 833 ἰερεῦσι
979 763 1081 831 σημα-

59 861 196 916 νοῦντα.
243 854 331 936 <96>
353 855 474 918 τούτου
498 851 528 917 δ’
551 854 676 932 ἔξωθεν
700 855 791 940 ἰερὸν
814 851 1026 941 ᾠκοδόμησεν
1045 852 1082 917 ἐν

59 959 273 1043 τετραγώνου
297 960 453 1043 σχήματι,
481 961 580 1035 στοὰς
603 958 732 1044 ἐγείρας
756 960 901 1044 μεγάλας
922 957 978 1024 καί
1000 965 1081 1024 πλα-

59 1067 152 1141 τείας
174 1061 230 1128 καὶ
252 1065 373 1142 πύλαις
390 1066 534 1149 ὑψηλαῖς
552 1064 772 1153 ἀνεῳγμένας,
795 1061 843 1131 ὧν
862 1064 980 1148 ἑκάστη
998 1068 1082 1151 πρὸς

60 1169 294 1236 ἕκαστοντῶν
317 1170 450 1255 ἀνέμων
473 1169 647 1256 ἐτέτραπτο
666 1182 805 1257 χρυσαῖς
822 1170 996 1256 κλειομένη
1019 1172 1082 1236 θύ-

17 1304 45 1343 10
60 1299 145 1360 ραις.
184 1278 231 1352 εἰς
247 1285 347 1342 τοῦτο
365 1286 426 1342 τοῦ
440 1282 523 1372 λιμοῦ
541 1277 662 1355 πάντες
679 1278 715 1342 οἰ
731 1276 948 1362 διαφέροντες
966 1277 1082 1363 ἁγνείᾳ

60 1379 118 1446 καί
141 1384 364 1468 παρατηρήσει
386 1392 454 1448 τῶν
476 1386 629 1467 νομίμων
652 1385 796 1469 εἰσῇσαν.
841 1382 928 1466 <97>
949 1389 1081 1466 θαυμα-

61 1489 144 1552 στὸν
163 1484 200 1552 δὲ
218 1486 274 1552 καί
292 1491 395 1571 λόγου
413 1491 537 1565 παντὸς
556 1487 704 1573 ἀπέφηνε
723 1493 845 1573 μεῖζον,
864 1489 909 1566 ὡς
927 1485 958 1552 δ’
976 1490 1082 1553 εἰπεῖν

60 1592 119 1658 καί
141 1603 200 1677 τῆς
222 1597 340 1678 όύεως,
363 1596 400 1660 τὸ
423 1595 552 1661 τούτων
573 1594 700 1673 ἔξωθεν
723 1597 827 1681 ἰερόν·
851 1595 995 1680 μεγάλας
1017 1597 1080 1680 γάρ

62 1700 209 1784 ἐγχώσας
232 1701 415 1786 φάραγγας,
439 1700 478 1778 ἀς
497 1702 553 1766 διδ
572 1701 679 1784 βάθος
697 1703 836 1787 ἀπειρον
854 1699 927 1766 οὐδ’
949 1701 1081 1778 ἀπόνως

16 1833 43 1874 15
61 1805 283 1884 ἐννεύσαντας
303 1802 347 1891 ἦν
369 1810 465 1890 ἰδεῖν,
486 1804 542 1872 καί
561 1805 765 1890 ἀναβιβάσας
783 1809 831 1884 εἰς
849 1810 1081 1892 τετρακοσίους

59 1914 177 1997 πήχεις
198 1915 236 1978 τὸ
258 1913 359 1997 ύφος,
387 1911 564 1989 ἰσοπέδους
590 1922 629 1997 τῇ
652 1921 784 1997 κορυφῇ
807 1920 867 1976 τοῦ
889 1914 1001 1996 όρονς,
1024 1907 1077 1995 ἐφ’

59 2013 101 2101 ἧς
120 2019 233 2096 ὁναὸς
252 2019 453 2108 ᾠκοδόμητο,
471 2019 698 2101 κατεσκεύασε,
716 2017 771 2082 καί
791 2019 846 2082 διά
865 2016 963 2083 τοῦθ’
984 2019 1081 2085 ύπαι-

59 2131 151 2208 θρον
174 2124 218 2189 δν
236 2127 274 2190 τὸ
298 2124 424 2203 ἔξωθεν
447 2126 539 2210 ἰερὸν
562 2130 637 2190 ἰσον
659 2126 786 2210 ὑπῆρχε
807 2133 853 2212 τῷ
874 2134 953 2213 ναῷ.
994 2127 1080 2212 <98>

60 2231 300 2318 περιλαμβάνει
319 2229 350 2295 δ’
367 2229 448 2297 αὐτὸ
467 2228 523 2295 καί
542 2242 654 2308 στοαῖς
673 2233 807 2308 διπλαῖς
824 2227 886 2316 μέν
902 2232 965 2315 τὴν
982 2257 1079 2299 κατα-

15 2358 44 2398 εο
59 2337 198 2419 σκευήν,
231 2339 334 2402 λίθου
364 2335 394 2400 δ’
425 2337 617 2423 αὐτοφυοῦς
648 2340 686 2404 τὸ
715 2338 802 2417 ὕψος
827 2342 938 2404 κίοσιν
965 2338 1080 2426 ἐπερη-

59 2441 261 2527 ρεισμέναις·
290 2441 413 2529 ὀροφαὶ
437 2441 468 2507 δ’
494 2444 610 2522 αὐταῖς
631 2439 718 2528 ἦσαν
746 2444 781 2510 ἐκ
802 2444 1080 2530 κέδρονφατνώ-

58 2565 163 2632 μασιν
186 2547 408 2633 ἀνεξεσμέναι.
452 2551 511 2625 τὰς
534 2548 572 2614 δὲ
589 2552 699 2635 θύρας
721 2560 767 2638 τῷ
791 2552 868 2636 ἱερῷ
889 2553 995 2640 τούτῳ
1019 2553 1080 2617 πά-

59 2671 121 2731 σας
145 2652 322 2738 έπέστησεν
345 2654 377 2733 ἐξ
401 2655 560 2741 ἀργύρου.

128 2761 215 2844 <99>
243 2762 283 2825 τά
310 2758 371 2846 μὲν
399 2755 462 2826 οὖν
490 2762 569 2846 ἔργα
596 2769 699 2850 ταῦτα
726 2760 781 2826 καὶ
807 2763 848 2826 τά
875 2760 1000 2845 μεγέθη
1023 2759 1120 2826 καὶ4

18 2887 45 2927 ει
59 2866 164 2948 κάλλη
192 2877 260 2932 τῶν
287 2866 316 2933 τ’
346 2867 620 2952 οἰκοδομημάτων
650 2866 705 2933 καί
737 2879 805 2933 τῶν
833 2871 881 2945 εἰς
906 2869 966 2933 τὸν
996 2870 1080 2933 ναὸν

60 2973 290 3057 ἀναθημάτων
308 2976 473 3059 Σολομὼν
496 2974 514 3040 ὁ
537 2976 693 3060 βασιλεὺς
716 2974 753 3039 ἐν
775 2977 883 3040 ἔτεσιν
901 2968 982 3040 ἑπτά
1001 2991 1079 3039 συν-

58 3076 206 3161 τελέσας,
228 3077 284 3144 καί
306 3081 453 3145 πλούτου
475 3078 531 3146 καί
553 3085 745 3168 προθυμίας
766 3080 924 3160 ἐπίδειξιν
942 3081 1079 3164 ποιησά-

60 3207 162 3268 μενος
177 3182 261 3249 ὥσθ’
279 3184 300 3248 ἀ
319 3186 361 3249 ἀν
374 3208 425 3262 τις
444 3184 527 3251 ἰδδιν
546 3186 698 3271 ἐνόμισεν
719 3186 841 3272 (μόλις)
861 3186 898 3252 έν
916 3196 961 3273 τῷ
979 3186 1079 3252 παντὶ

60 3297 373 3374 κατασκευασθῆναι
391 3294 512 3380 χρόνῳ,
530 3290 621 3357 ταῦτ’
639 3292 676 3358 έν
694 3292 800 3370 οὕτως
819 3293 920 3381 όλίγφ
940 3295 1023 3377 πρὸς
1041 3298 1078 3360 τὸ

20 3415 47 3454 30
61 3396 206 3481 μέγεθος
220 3397 467 3486 συγκρινομένφ
481 3407 541 3463 τοῦ
555 3407 639 3463 ναοῦ
654 3405 941 3485 συμπερανθῆναι,
950 3399 1080 3485 γράύας

135 3525 203 3584 §95
224 3545 256 3564 =
277 3519 505 3588 3Reg.V1151;
525 3518 647 3574 2Paral.
663 3522 687 3577 V
704 3528 727 3576 1.
