2400 3840
119 128 185 193 232
491 127 767 181 ΑΡΧΑΙΟΔΟΓΙΑΣ

82 298 216 373 ντήσαι
239 291 323 375 πρὸς
345 288 453 373 μάχην
471 296 518 375 τῷ
536 290 681 378 Ζαραίφ.
725 287 840 371 (294)
864 297 978 355 ταῦτα
1001 289 1142 374 λέγοντος

117 394 259 462 Ἀσάνου
285 397 384 478 νίκην
411 393 589 479 ἐσήμαινεν
611 394 630 460 ό
652 395 747 478 θεός,
773 392 831 460 καλ
862 398 1057 482 συμβαλὼν
1079 397 1143 483 μετὰ

120 511 224 588 χαρᾶς
254 513 322 568 τῶν
353 499 660 585 προδεδηλωμένων
690 499 756 566 ὑπὸ
789 508 852 566 τοῦ
887 507 979 568 θεοῦ
1013 506 1144 579 πολλοὺς

121 609 309 676 ἀποκτείνει
340 618 409 673 τῶν
436 608 631 691 Αἰθιόπων,
661 601 717 672 καὶ
743 604 938 691 τραπέντας
956 603 1019 686 ἐίς
1046 610 1146 694 φυγήν
1197 613 1200 696 ή

123 714 260 795 ἐδίωξεν
278 715 354 799 ἀχρι
372 721 431 796 τής
450 712 664 799 Γεραρίτιδος
682 711 801 798 χώρας.
846 711 1023 798 ἀφέμενοι
1045 711 1083 780 δὲ
1100 723 1173 797 τήςῡι
1198 713 1200 780 ἶ

122 820 324 908 ἀναιρέσεως
352 818 405 885 ἐπὶ
432 818 494 902 τήν
521 818 710 905 διαρπαγήν
736 826 796 903 τής
822 822 959 898 πόλεως
984 819 1146 907 ἐχώρησαν
1173 828 1174 831 ’

123 928 207 1014 (ήλω
230 928 294 1012 γάρ
316 925 337 1009 ή
362 923 533 1011 Γεράρων)
555 921 612 991 καὶ
633 933 693 1010 τῆς
714 929 935 1012 παρεμβολῆς
957 928 1091 1012 αὐτῶν,
1111 926 1147 1002 ὡς
1174 959 1175 962 “

121 1037 230 1100 πολὺν
252 1026 314 1114 μὲν
336 1029 520 1116 ἐκφορῆσαι
540 1033 667 1119 χρυσὸν
688 1033 795 1097 πολὺν
814 1028 847 1095 δ’
867 1032 1043 1120 ἄργυρον,
1065 1036 1148 1099 λείαν

121 1162 157 1204 τε
170 1137 299 1221 πολλήν
317 1136 512 1221 ἀπαγαγεῖν,
529 1140 698 1222 ’καμήλους
710 1134 767 1202 καλ
779 1135 951 1219 ὑποζύγια
964 1138 1025 1204 καλ
1040 1143 1148 1224 βοσκη-

123 1244 237 1331 μάτων
255 1241 382 1326 ἀγέλας.
423 1241 687 1327 <295>Ἅσανος
702 1238 765 1325 μὲν
782 1235 846 1306 οὖν
863 1240 923 1306 καὶ
943 1244 967 1327 ή
987 1249 1058 1312 σὺν
1070 1247 1179 1333 αότῷό

124 1353 262 1441 στρατια
283 1352 442 1435 τοιαύτην
466 1350 555 1435 παρὰ
581 1356 643 1414 τοῦ
670 1335 757 1414 θεοῦ
783 1349 883 1431 νίκην
908 1354 1082 1434 λαβόντες
1102 1348 1148 1417 καλ
1181 1343 1182 1387 3

124 1455 291 1543 ὠφέλειαν
313 1455 519 1541 ἀνέστρεφον
542 1455 590 1531 είς
608 1451 834 1538 Ἱεροσόλυμα,
862 1457 1149 1543 παραγενομένοις
1181 1462 1183 1526 ἶ

125 1561 156 1627 δ’
182 1563 297 1638 αῦτοίς
319 1561 485 1643 ἀπήντησε
507 1561 590 1624 κατά
612 1559 674 1642 τήν
696 1559 779 1625 ὁδὸν
803 1559 985 1645 προφήτης
1005 1559 1150 1649 Ἀζαρίας
1182 1619 1183 1622 ,

124 1671 238 1752 ὄνομα.
284 1661 383 1742 οὗτος
411 1665 558 1750 ἐπισχεῖν
583 1665 742 1741 κελεύσας
769 1673 829 1748 τής
850 1662 1072 1754 ὁδοιπορίας,
1098 1669 1148 1753 ήρ

125 1774 202 1855 ξατο
229 1771 340 1857 λέγειν
366 1775 451 1860 πρὸς
483 1773 605 1849 αὐτοὺς
637 1771 688 1837 ότι
719 1772 841 1853 ταύτης
870 1765 939 1836 εἶεν
968 1781 1033 1858 τῆς
1061 1778 1149 1856 νίκης
1157 1785 1174 1827 ¹⁵

124 1883 213 1969 παρὰ
240 1890 301 1947 τοῦ
327 1887 412 1946 θεοῦ
433 1881 661 1964 τετυχηκότες,
689 1878 740 1944 ότι
768 1878 919 1954 δικαίους
945 1878 1009 1944 καὶ
1039 1881 1149 1955 ὁσίους
1186 1964 1187 1967 ¹

125 1989 248 2064 αὑτοὺς
273 1984 441 2073 παρέσχον
468 1983 524 2050 καὶ
550 1984 659 2050 πάντα
689 1984 772 2048 κατά
802 1982 865 2065 τήν
895 1984 1068 2067 βούλησιν
1094 1992 1148 2050 τοῦ
1188 2053 1200 2076 ρ

124 2101 210 2158 θεοῦ
228 2094 456 2174 πεποιηκότας.
496 2090 605 2173 <296>
625 2087 819 2173 ἐπιμένουσι
837 2084 899 2171 μέν
920 2083 986 2154 οὖν
1007 2093 1148 2176 ἔφασκεν
1189 2096 1190 2099 ’

125 2195 177 2261 ἀεὶ
204 2199 242 2260 τὸ
269 2204 405 2280 κρατείν
430 2195 553 2270 αὐτοὺς
580 2205 648 2260 τῶν
676 2194 810 2282 ἐχθρῶν
837 2191 893 2260 καὶ
919 2196 958 2259 τὸ
989 2199 1052 2281 ζήν
1079 2192 1144 2282 μετ’

125 2301 340 2382 εὐδαιμονίας
371 2299 525 2385 παρέξειν
556 2299 617 2363 τὸν
648 2302 748 2383 θεόν,
782 2301 982 2366 ἀπολιποῦσι
1019 2299 1059 2367 δὲ
1089 2303 1175 2384 τήνῦ

124 2407 309 2490 θρησκείαν
337 2404 465 2469 ἀπαυτα
491 2402 620 2468 τούτων
648 2402 785 2471 ἐναντία
812 2407 1063 2492 συμβήσεσθαι,
1094 2404 1145 2472 καλ

125 2513 327 2597 γενήσεσθαι
349 2512 473 2599 χρόνον
496 2507 624 2576 ἐκεῖνον
653 2509 690 2576 ἐν
713 2505 740 2600 β
763 2509 878 2596 μηδεὶς
902 2511 1036 2595 ἀληθής
1060 2514 1147 2598 εὑρε-
1195 2557 1196 2563 1

125 2623 266 2704 θήσεται
293 2620 465 2708 προφήτης
492 2615 529 2683 ἐν
555 2626 602 2706 τῷ
629 2616 776 2707 ὑμετέρῳ
804 2621 906 2706 όχλφ,
934 2615 1009 2682 οὐδ’
1041 2621 1146 2706 ίερεὺς

125 2731 166 2794 τά
190 2730 303 2794 δίκαια
325 2728 541 2812 χρηματίζων,
565 2725 675 2810 <297>
698 2724 781 2791 ἀλλά
803 2720 859 2789 καλ
883 2723 919 2788 αί
935 2725 1052 2802 πόλεις
1070 2725 1147 2791 ἀνά-

127 2851 240 2900 στατοι
256 2835 453 2916 γενήσονται
470 2831 526 2898 καὶ
544 2835 582 2899 τὸ
602 2836 703 2911 έθνος
720 2833 802 2898 κατὰ
819 2830 926 2913 πόσης
944 2833 1146 2918 σπαρήσεται
1157 2842 1178 2885 2⁵

126 2951 202 3025 γῆς,
231 2942 357 3020 ἔπηλυν
379 2940 457 3020 βίον
483 2937 538 3003 καί
561 2938 687 3022 ἀλήτην
709 2940 924 3022 βιωσόμενον.
969 2939 1090 3024 καιρὸν
1113 2935 1144 3002 δ’

127 3045 241 3121 αὐτοῖς
264 3045 377 3126 έχουσι
400 3044 644 3124 συνεβούλευεν
672 3043 816 3126 ἀγαθοῖς
842 3047 998 3126 γίνεσθαι
1023 3042 1146 3127 καὶμὴ

127 3158 301 3234 φθονήσαι
319 3156 378 3232 τής
396 3147 567 3230 εὐμενείας
586 3148 700 3225 αὑτοῖς
719 3159 781 3214 τοῦ
799 3157 892 3216 θεοῦ.
933 3147 1027 3215 ταῦτ’
1049 3149 1147 3214 ἀκού-

127 3271 188 3333 σας
211 3256 229 3322 ὁ
252 3255 408 3339 βασιλεὺς
430 3250 486 3318 καὶ
509 3252 528 3318 δ
551 3254 631 3330 λαὸς
654 3252 818 3339 ἐχάρησαν
840 3254 896 3321 καλ
916 3256 1044 3339 πολλήν
1066 3258 1147 3342 πρό-

126 3384 225 3427 νοιαν
253 3360 427 3426 ἐποιοῦντο
455 3368 550 3444 κοινή
577 3381 613 3423 τε
640 3357 760 3434 πάντες
786 3358 842 3424 καὶ
868 3360 940 3426 κατ’
967 3364 1059 3427 ἰδίαν
1085 3371 1183 3427 τοῦτο

199 3486 281 3545 §294
300 3506 333 3526 =
354 3479 475 3536 2Paral.
490 3479 555 3534 XIV
569 3484 611 3535 12.

399 3743 495 3762 Α
579 3746 590 3761 Α
