2400 3840
121 156 168 220 22
495 155 769 209 Αεωοεοειεε

123 329 250 402 γνῶναι
277 315 353 403 περὶ
380 319 508 383 τούτων
530 318 644 394 αὐτοῖς
670 315 725 382 καὶ
750 319 894 397 πείσειν,
922 315 1147 398 συνεβούλευε

124 423 238 510 μέντοι
266 426 416 502 δικαίους
444 421 530 490 εἶναι
556 423 612 490 καὶ
639 424 803 507 ἀγαθούς,
837 420 891 486 καὶ
921 421 1146 505 μνημονεύειν

124 529 175 597 ἀεὶ
197 543 266 597 τῶν
289 533 345 597 διδ
367 533 429 614 τὴν
452 531 640 617 παράβασιν
663 538 722 613 της
749 529 867 615 ἀρετῆς
894 526 1009 603 αὐτοῖς
1033 538 1146 591 κακῶν

125 641 360 722 συμπεσόντων
382 636 437 703 καὶ
455 648 523 702 τῶν
542 640 686 721 σημείων
704 644 765 700 τοῦ
783 641 868 699 θεοῦ
888 631 944 698 καὶ
962 641 1022 716 τῆς
1040 635 1145 696 Μωυ-

119 743 199 822 σέος
221 748 433 828 νομοθεσίας,
457 746 488 809 εί
510 746 673 829 σωτηρίας
696 742 810 818 αὐτοῖς
832 738 887 805 καὶ
906 748 965 823 τῆς
983 741 1065 823 μετά
1084 747 1170 803 τοῦο

124 850 286 935 βασιλέως
304 850 518 934 εὐδαιμονίας
537 852 626 915 ἔστιν
646 848 816 932 ἐπιθυμία.
856 847 943 928 <94>
964 847 994 910 εί
1005 841 1050 909 ’δὲ
1069 847 1146 910 τού-

124 979 192 1021 των
215 954 448 1039 ἀμελησουσιν,
472 958 584 1037 ἔλεγεν
606 954 698 1039 ἥξειν
721 954 834 1030 αὐτοῖς
855 975 891 1018 τε
912 949 1031 1038 καὶτῷ
1051 953 1146 1033 βασι-

121 1067 177 1126 λεῖ
197 1061 344 1144 μεγάλην
368 1060 403 1126 ἐκ
425 1068 511 1127 θεοῦ
535 1063 674 1145 πληγήν.

191 1164 246 1231 καὶ
270 1166 288 1233 ὁ
309 1170 508 1251 Σαμούηλος
532 1165 593 1252 μὲν
615 1176 719 1233 ταῦτα
741 1178 811 1243 τοῖς
826 1164 991 1251 Ἑβραίοις
1014 1184 1145 1249 προφη-

124 1273 242 1350 τεύσας
269 1271 438 1362 άπέλυσετί,
461 1275 583 1352 αὐτοὺς
611 1272 663 1339 ἐπὶ
690 1274 730 1338 τά
753 1275 873 1355 οίκεῑα,
900 1271 1086 1356 βεβαιώσας
1110 1269 1145 1334 ε’κ
1159 1290 1182 1329 10

84 1376 283 1466 6δευτέρου
311 1390 356 1469 τῷ
384 1382 526 1469 Σαούλφ
559 1381 620 1462 την
647 1383 832 1462 βασιλείαν·
865 1378 951 1460 <95>
979 1370 1077 1452 οὗτος
1112 1373 1142 1439 δ’

125 1484 274 1563 ἐπιλέξας
293 1485 328 1551 ἐκ
346 1496 406 1552 τοῦ
424 1488 577 1570 πλήθους
596 1487 641 1563 ῶς
659 1484 734 1572 περὶ
752 1487 965 1569 τρισχιλίους,
986 1485 1065 1558 τοὺς
1083 1478 1145 1566 μὲν

126 1591 310 1675 δισχιλίους
337 1593 421 1658 ὥστε
448 1598 744 1677 σωματοφυλακεῖν
774 1591 877 1656 αὐτὸν
904 1590 1015 1673 λαβὼν
1044 1588 1145 1663 αὐτὸς

127 1695 292 1783 διέτριβεν
311 1697 347 1763 ἐν
364 1701 459 1764 πόλει
478 1700 655 1782 Βεθηλοις,
673 1688 815 1783 Ἰωνάθη
834 1692 871 1760 δὲ
889 1704 934 1783 τῶ
952 1692 1047 1759 παιδὶ
1066 1697 1145 1769 τοὺς

126 1808 264 1882 λοιποὺς
291 1807 371 1883 δοὺς
399 1805 481 1871 ὥστε
509 1810 804 1889 σωματοφυλακεῖν
831 1803 934 1867 αὐτὸν
962 1804 1009 1876 είς
1033 1801 1145 1882 Γαβάς
1159 1820 1181 1860 15

127 1913 280 1997 ἔπεμψεν.
325 1913 343 1978 δ
371 1910 402 1976 δ’
429 1912 636 1998 ἐκπολιορκεῖ
661 1935 693 1976 τι
725 1911 891 1996 φρούριον
920 1918 988 1972 τῶν
1016 1910 1144 1971 Παλαι-

126 2029 249 2084 στινῶν
272 2021 313 2085 οὐ
336 2020 449 2104 πόρρω
474 2019 664 2100 Γαλγάλων.
706 2017 793 2101 (96)
813 2017 848 2080 οί
869 2016 932 2100 γδιρ
955 2021 1014 2096 τῆς
1034 2015 1145 2095 Γαβάς

126 2122 346 2187 Παλαιστινοὶ
377 2127 679 2208 καταστρεφόμενοι
714 2125 792 2198 τοὺς
821 2118 1005 2196 Ἰουδαίους
1036 2119 1077 2183 τά
1105 2116 1141 2183 θ’

126 2226 211 2291 ὅπλα
243 2227 364 2303 αὐτοὺς
395 2227 602 2312 ἀφηροῦντο,
633 2226 689 2292 καὶ
721 2230 800 2303 τοὺς
829 2225 1059 2312 ὀχυρωτάτους
1086 2235 1144 2308 τῆς

124 2333 234 2417 χώρας
258 2335 380 2408 τόπους
407 2345 571 2417 φρουραῖς
596 2333 900 2416 κατελαμβάνοντο,
927 2329 982 2397 καὶ
1010 2333 1144 2415 σιδηρο-
1158 2351 1181 2391 εο

126 2449 245 2522 φορεῖν
268 2440 417 2523 χρῆσθαί
437 2461 472 2502 τε
494 2437 648 2517 καθάπαξ
671 2435 1043 2526 άπηγόρευονξσιδηρφ.
1090 2436 1143 2502 καὶ

126 2544 183 2608 διά
201 2545 325 2629 ταύτην
343 2545 404 2629 τὴν
422 2544 608 2631 ἀπόρρησιν
627 2548 662 2612 οί
677 2549 829 2632 γεωργοί,
851 2551 885 2610 εί
898 2566 978 2610 ποτε
996 2534 1145 2626 δεήσειεν

124 2650 248 2729 αὐτοὺς
267 2650 478 2718 ἐπισκευάσαι
501 2677 533 2718 τι
552 2664 620 2719 τῶν
639 2652 829 2740 ἐργαλείων,
852 2649 872 2733 ἣ
891 2650 969 2716 ὕνιν
988 2648 1008 2732 ἢ
1027 2651 1145 2734 μάκελ-

125 2762 189 2822 λαν
212 2757 232 2842 ἢ
255 2760 336 2825 ἄλλο
359 2783 391 2825 τι
414 2771 482 2825 τῶν
505 2762 552 2836 είς
575 2764 739 2847 γεωργίαν
759 2762 940 2842 χρησίμων,
963 2768 1145 2841 φοιτῶντες

125 2864 215 2947 παρά
238 2867 316 2938 τοῦς
334 2868 581 2940 Παλαιστινοῦς
604 2864 696 2929 ταῦτ’
718 2866 887 2946 ἔπραττον.
930 2863 1017 2946 <97>
1043 2863 1088 2939 ὡς
1112 2861 1142 2928 δ’
1158 2879 1182 2920 2⁵

127 2966 279 3050 ἠκούσθη
302 2979 372 3043 τοῖς
395 2972 634 3045 Παλαιστινοῖς
660 2968 681 3051 ἡ
709 2978 767 3052 τῆς
789 2978 940 3054 φρουρᾶς
957 2965 1145 3054 [ἀναίρεσις

127 3070 411 3157 άγανακτησαντές
433 3096 468 3137 τε
490 3071 545 3138 καὶ
564 3074 680 3157 δεινὴν
697 3075 798 3161 ὕβριν
815 3075 877 3158 τὴν
894 3078 1146 3160 καταφρόνησιν

126 3179 329 3266 ἡγησάμενοι
360 3178 597 3264 στρατεύουσιν
624 3177 678 3244 ἐπὶ
707 3184 786 3259 τοὺς
809 3179 1006 3264 Ἰουδαίους,
1038 3185 1146 3260 πεζῶν

127 3282 189 3369 μὲν
211 3287 387 3371 τριάκοντα
410 3285 579 3371 μυριάσιν,
602 3286 723 3371 ἅρμασι
743 3285 780 3352 δὲ
798 3291 1018 3374 τρισμυρίοις·
1042 3290 1146 3354 ἵππον

128 3388 159 3453 δ’
186 3389 407 3477 ἑξακισχιλίαν
431 3391 600 3474 ἐπήγοντο.
645 3393 732 3475 <98>
752 3392 806 3458 καὶ
828 3394 1145 3479 στρατοπεδεύονται
1159 3412 1185 3452 ⁸⁰

200 3511 576 3583 §94=1Reg.X1125.
