2400 3840
120 135 183 200 176
487 133 761 186 APXAlvorlAz

118 295 256 384 (μητέρα
279 298 342 383 γάρ
365 295 471 379 αὐτὴν
493 294 629 378 άληθῶς
652 288 769 381 εἶναι),
795 303 854 378 τῆς
881 291 913 358 δ’
939 295 1045 377 άλλης
1068 319 1137 360 κατ-

119 401 205 488 έγνω
228 404 408 490 πονηρίαν,
435 399 525 468 τότ’
552 403 641 467 ῖδιον
668 400 908 484 ἀποκτεινάσης
934 399 992 466 καὶ
1020 404 1059 468 τὸ
1085 410 1137 486 τῆς

119 515 219 597 φίλης
251 509 499 592 σπουδαζούσης
530 507 761 593 ἀπολλύμενον
794 507 997 573 θεάσασθαι.
1046 509 1137 593 <34>
1165 536 1168 541 ·

117 626 217 684 τοῦτο
245 616 329 702 μέγα
360 617 478 700 δεῖγμα
509 612 565 680 καὶ
591 615 769 701 τεκμήριον
795 621 854 698 τῆς
884 623 946 678 τοῦ
979 613 1138 698 βασιλέως

119 725 314 811 φρονήσεως
336 720 391 788 καί
414 723 535 806 σοφίας
559 719 686 806 ἐνόμιζε
707 723 746 787 τὸ
764 725 905 804 πλῆθος,
927 719 989 798 κάξ
1014 720 1157 805 ἐκείνηςῖ

119 832 156 896 τὸ
180 832 299 896 λοιπὸν
321 837 380 913 τῆς
402 826 526 914 ἡμέρας
549 827 595 905 ὡς
616 829 717 893 θείαν
740 829 848 912 ἔχοντι
871 825 1031 892 διάνοιαν
1052 827 1136 916 αὐτῷ

118 944 304 1023 προσεῖχον.

83 1063 100 1110 3
187 1042 282 1125 <35>
310 1038 486 1128 στρατηγοὶ
514 1038 545 1106 δ’
576 1040 665 1132 αὐτῷ
693 1039 749 1106 καί
775 1040 936 1124 ἡγεμόνες
965 1033 1055 1123 ἦσαν
1083 1048 1136 1124 τῆς

118 1148 227 1233 χώρας
259 1147 387 1231 ἁπάσης
417 1149 497 1213 οἵδε.
546 1156 606 1232 τῆς
636 1143 698 1232 μὲν
722 1144 906 1232 Ἐφραίμου
937 1150 1136 1233 κληρουχίας

121 1255 243 1340 θύρης,
263 1253 316 1320 ἐπὶ
335 1251 373 1320 δὲ
390 1262 449 1339 τῆς
467 1251 662 1338 Βηθλεέμης
679 1255 858 1339 τοπαρχίας
875 1246 919 1335 ἦν
936 1255 1134 1339 Διόκληρος·
1146 1267 1166 1307 1⁰

118 1362 180 1445 τὴν
199 1358 237 1426 δὲ
255 1372 323 1428 τῶν
334 1363 467 1448 Δώρων
483 1358 539 1426 καί
557 1360 620 1442 τὴν
637 1356 1035 1446 παραλίανχἉβινάδαβος
1054 1355 1136 1444 εἶχεν

118 1465 178 1552 ὑφ’
199 1469 299 1557 αὐτῷ,
320 1468 511 1552 γεγαμηκὼς
528 1467 590 1549 τὴν
608 1470 811 1550 Σολομῶνος
828 1462 1010 1551 θυγατέρα.
1053 1467 1135 1549 <36>

118 1575 156 1638 τὸ
180 1570 218 1638 δδ
240 1572 324 1658 μέγα
347 1576 465 1639 πεδίον
492 1567 536 1656 ἦν
562 1573 627 1638 ὑπὸ
651 1576 781 1659 Βαναίᾳ
806 1580 852 1660 τῷ
872 1568 1005 1655 ’Λχίλου
1034 1573 1136 1655 παιδί,

119 1687 327 1766 προσεπῆρχε
350 1676 388 1744 δὲ
409 1677 465 1745 καί
487 1687 547 1763 τῆς
569 1680 644 1765 άχρι
660 1675 831 1765 Ἰορδάνου
854 1677 969 1759 πάσης.
1016 1680 1080 1762 τὴν
1102 1674 1137 1743 δὲ

120 1786 322 1852 Γαλααδίτιν
340 1784 395 1852 καί
414 1788 617 1851 Γαυλανῖτιν
635 1783 696 1861 ἕως
713 1792 774 1849 τοῦ
792 1782 945 1869 Λιβάνου
963 1786 1068 1871 ὄρους
1085 1781 1136 1850 καί
1147 1796 1166 1839 15

118 1896 232 1971 πόλεις
251 1891 408 1978 ἑξήκοντα
431 1892 574 1978 μεγάλας
591 1888 646 1956 καί
665 1890 875 1976 ὀχυρωτάτας
893 1891 979 1974 ἔχων
997 1889 1059 1975 ὑφ’
1081 1892 1136 1956 αὑ-

118 2001 177 2065 τὸν
206 2000 359 2085 Γαβάρης
386 2001 523 2065 διεῖπεν.
565 1995 780 2082 Ἀχινάδαβος
807 1992 844 2060 δὲ
870 2003 929 2080 τῆς
956 1999 1136 2074 Γαλιλαίας
1177 2006 1180 2011 ’

119 2105 197 2185 ὅλης
225 2107 301 2191 άχρι
328 2106 482 2181 Σιδῶνος
513 2103 722 2190 ἐπετρόπευε,
755 2113 921 2168 συνοικῶν
952 2101 1009 2167 καὶ
1037 2103 1136 2182 αὐτὸς

117 2207 262 2294 θυγατρὶ
290 2214 493 2293 Σολομῶνος
520 2212 651 2295 Βασίμμ
681 2210 838 2293 τούνομα.
884 2210 978 2291 <37>
1007 2210 1071 2292 τὴν
1100 2207 1136 2275 δὲ

117 2309 193 2398 περὶ
214 2310 332 2398 Ἀρκην
354 2316 521 2398 παραλίαν
548 2308 614 2398 εἶχε
637 2314 845 2398 Βανακάτης,
871 2312 1074 2398 Ἰωσαφάτης
1100 2313 1170 2381 δδὶθ

117 2422 154 2484 τὸ
177 2415 360 2503 Ἰταβύριον
383 2420 462 2504 ὄρος
483 2416 539 2483 καὶ
561 2419 743 2505 Κάρμηλον
765 2418 821 2485 καὶ
843 2421 905 2504 τὴν
927 2421 1014 2486 κάτω
1037 2425 1135 2488 Γαλι-

118 2526 216 2590 λαιάν
248 2527 338 2612 [άχρι
367 2534 428 2591 τοῦ
457 2535 607 2612 ποταμοῦ
631 2524 802 2613 Ἰορδάνου
829 2529 965 2614 χώραν].
1017 2528 1070 2593 ἐπί
1099 2526 1136 2593 δὲ

88 2628 90 2631 ’
117 2633 246 2699 τούτων
270 2624 346 2723 (εἷς)
373 2643 484 2700 πᾶσαν
511 2632 736 2722 ἐπετέτραπτο.
782 2631 900 2718 Σεμεεί
923 2631 966 2698 δὲ
993 2636 1055 2718 την
1078 2645 1136 2720 της

118 2743 350 2827 Βενιαμίτιδος
367 2744 570 2829 κληρουχίαν
589 2742 817 2827 ἐγκεχείριστο,
841 2740 995 2827 Γαβάρης
1016 2739 1046 2805 δ’
1069 2738 1135 2827 εἶχε

116 2847 179 2930 τὴν
205 2847 310 2935 πέραν
336 2857 396 2914 τοῦ
421 2846 593 2934 Ἰορδάνου
624 2849 748 2932 χώραν·
781 2843 834 2910 ἐπὶ
867 2843 904 2911 δὲ
931 2848 1060 2913 τούτων
1088 2840 1172 2926 εἷςῑὸ

117 2953 219 3018 πάλιν
248 2955 359 3039 άρχων
386 2951 605 3018 ἀπεδέδεικτο.
652 2952 748 3034 <38>
776 2953 975 3036 θαυμαστὴν
1003 2953 1034 3018 δ’
1066 2954 1135 3020 ε’πί-

109 3061 214 3126 ,δοσιν
247 3061 364 3143 έλαβεν
392 3058 410 3122 ὅ
437 3080 472 3121 τε
498 3066 566 3121 τῶν
590 3055 752 3142 Ἑβραίων
784 3060 863 3135 λαὸς
894 3057 949 3124 καὶ
979 3060 999 3143 ἡ
1025 3059 1134 3126 Ἰούδα

114 3166 218 3247 φυλή,
241 3167 325 3251 πρὸς
347 3165 512 3248 γεωργίαν
534 3159 726 3248 τραπέντων
748 3161 803 3228 καὶ
826 3165 887 3248 τὴν
905 3175 964 3250 τῆς
985 3175 1045 3251 γῆς
1065 3167 1134 3233 ἐπι-

117 3269 264 3353 μέλειαν·
297 3272 430 3357 εἰρήνης
461 3271 524 3355 γὰρ
557 3266 780 3346 ἀπολαύοντες
810 3268 866 3335 καί
893 3270 1050 3357 πολέμοις
1078 3273 1134 3339 καί

113 3388 273 3460 ταραχαῖς
296 3379 340 3462 μὴ
363 3378 619 3462 περισπώμενοι,
646 3370 702 3438 καὶ
728 3373 863 3460 προσέτι
890 3387 948 3462 τῆς
975 3387 1133 3446 ποθεινο-
1147 3397 1172 3436 ³⁰

188 3498 544 3566 §34=3Reg.11128.
