<?xml version="1.0" encoding="UTF-8"?>
<!DOCTYPE html PUBLIC "-//W3C//DTD XHTML 1.0 Transitional//EN"
    "http://www.w3.org/TR/xhtml1/DTD/xhtml1-transitional.dtd">
<html xmlns="http://www.w3.org/1999/xhtml" xml:lang="en" lang="en">
 <head>
  <title>
</title>
<meta http-equiv="Content-Type" content="text/html;charset=utf-8" />
  <meta name='ocr-system' content='tesseract 3.04.00' />
  <meta name='ocr-capabilities' content='ocr_page ocr_carea ocr_par ocr_line ocrx_word'/>
</head>
<body>
  <div class='ocr_page' id='page_1' title='image "./operaomniaposti03nabegoog_0231.png"; bbox 0 0 2400 3840; ppageno 0'>
   <div class='ocr_carea' id='block_1_1' title="bbox 508 93 1081 220">
    <p class='ocr_par' dir='ltr' id='par_1_1' title="bbox 508 93 1081 220">
     <span class='ocr_line' id='line_1_1' title="bbox 508 93 1081 220; baseline -0.003 -13"><span class='ocrx_word' id='word_1_1' title='bbox 508 154 634 207; x_wconf 77' lang='lat' dir='ltr'>omon</span> <span class='ocrx_word' id='word_1_2' title='bbox 915 108 917 111; x_wconf 29' lang='lat'>⁵</span> <span class='ocrx_word' id='word_1_3' title='bbox 1017 93 1081 220; x_wconf 69' lang='grc' dir='ltr'><em>1ης</em></span> 
     </span>
    </p>
   </div>
   <div class='ocr_carea' id='block_1_2' title="bbox 13 313 1116 3479">
    <p class='ocr_par' dir='ltr' id='par_1_2' title="bbox 13 313 1116 3479">
     <span class='ocr_line' id='line_1_2' title="bbox 61 313 1080 405; baseline 0.003 -26"><span class='ocrx_word' id='word_1_4' title='bbox 61 338 137 400; x_wconf 92' lang='grc' dir='ltr'><em>ριου</em></span> <span class='ocrx_word' id='word_1_5' title='bbox 160 319 283 401; x_wconf 79' lang='grc' dir='ltr'><em>πλῆρες</em></span> <span class='ocrx_word' id='word_1_6' title='bbox 305 313 427 391; x_wconf 77' lang='grc' dir='ltr'><em>ὕδατος</em></span> <span class='ocrx_word' id='word_1_7' title='bbox 453 313 473 398; x_wconf 80' lang='grc' dir='ltr'><strong><em>ἣ</em></strong></span> <span class='ocrx_word' id='word_1_8' title='bbox 496 316 736 401; x_wconf 75' lang='grc' dir='ltr'><em>ποδόνιπτρον,</em></span> <span class='ocrx_word' id='word_1_9' title='bbox 763 313 818 380; x_wconf 84' lang='grc' dir='ltr'><em>καὶ</em></span> <span class='ocrx_word' id='word_1_10' title='bbox 845 325 891 403; x_wconf 74' lang='grc' dir='ltr'><em>τῷ</em></span> <span class='ocrx_word' id='word_1_11' title='bbox 919 317 1080 405; x_wconf 77' lang='grc' dir='ltr'><em>δαιμονίῳ</em></span> 
     </span>
     <span class='ocr_line' id='line_1_3' title="bbox 59 417 1081 507; baseline 0.003 -22"><span class='ocrx_word' id='word_1_12' title='bbox 59 417 281 506; x_wconf 77' lang='grc' dir='ltr'><em>προσέταττεν</em></span> <span class='ocrx_word' id='word_1_13' title='bbox 308 418 428 498; x_wconf 77' lang='grc' dir='ltr'><em>ἐξιόντι</em></span> <span class='ocrx_word' id='word_1_14' title='bbox 458 419 662 507; x_wconf 84' lang='grc' dir='ltr'><em>τάνθρώπου</em></span> <span class='ocrx_word' id='word_1_15' title='bbox 693 418 785 487; x_wconf 83' lang='grc' dir='ltr'><em>ταῦτ’</em></span> <span class='ocrx_word' id='word_1_16' title='bbox 815 419 998 507; x_wconf 78' lang='grc' dir='ltr'><em>ἀνατρέψαι</em></span> <span class='ocrx_word' id='word_1_17' title='bbox 1026 422 1081 488; x_wconf 73' lang='grc' dir='ltr'><em>καὶ</em></span> 
     </span>
     <span class='ocr_line' id='line_1_4' title="bbox 59 524 1081 613; baseline 0.001 -20"><span class='ocrx_word' id='word_1_18' title='bbox 59 535 243 612; x_wconf 81' lang='grc' dir='ltr'><em>παρασχεῖν</em></span> <span class='ocrx_word' id='word_1_19' title='bbox 267 524 448 609; x_wconf 77' lang='grc' dir='ltr'><em>ἐπιγνῶναι</em></span> <span class='ocrx_word' id='word_1_20' title='bbox 470 537 542 604; x_wconf 90' lang='grc' dir='ltr'><em>τοῖς</em></span> <span class='ocrx_word' id='word_1_21' title='bbox 565 527 689 613; x_wconf 82' lang='grc' dir='ltr'><em>ὁρῶσιν</em></span> <span class='ocrx_word' id='word_1_22' title='bbox 712 526 763 592; x_wconf 82' lang='grc' dir='ltr'><em>ότι</em></span> <span class='ocrx_word' id='word_1_23' title='bbox 783 525 999 593; x_wconf 78' lang='grc' dir='ltr'><em>καταλέλοιπε</em></span> <span class='ocrx_word' id='word_1_24' title='bbox 1022 531 1081 594; x_wconf 92' lang='grc' dir='ltr'><em>τὸν</em></span> 
     </span>
     <span class='ocr_line' id='line_1_5' title="bbox 59 628 1081 718; baseline 0.003 -21"><span class='ocrx_word' id='word_1_25' title='bbox 59 634 254 718; x_wconf 74' lang='grc' dir='ltr'><em>άνθροκπον.</em></span> <span class='ocrx_word' id='word_1_26' title='bbox 295 631 383 715; x_wconf 89' lang='grc'>&lt;49&gt;</span> <span class='ocrx_word' id='word_1_27' title='bbox 401 631 581 717; x_wconf 82' lang='grc' dir='ltr'><em>γινομένου</em></span> <span class='ocrx_word' id='word_1_28' title='bbox 604 628 642 698; x_wconf 72' lang='grc' dir='ltr'><em>δὲ</em></span> <span class='ocrx_word' id='word_1_29' title='bbox 663 633 785 698; x_wconf 90' lang='grc' dir='ltr'><em>τούτου</em></span> <span class='ocrx_word' id='word_1_30' title='bbox 807 633 953 717; x_wconf 79' lang='grc' dir='ltr'><em>σαφὴςὴ</em></span> <span class='ocrx_word' id='word_1_31' title='bbox 973 639 1081 700; x_wconf 86' lang='grc' dir='ltr'><em>Σολο-</em></span> 
     </span>
     <span class='ocr_line' id='line_1_6' title="bbox 28 736 1081 825; baseline 0.005 -24"><span class='ocrx_word' id='word_1_32' title='bbox 28 749 171 823; x_wconf 79' lang='grc' dir='ltr'><em>σμῶνος</em></span> <span class='ocrx_word' id='word_1_33' title='bbox 189 740 371 803; x_wconf 76' lang='grc' dir='ltr'><em>καθίστατο</em></span> <span class='ocrx_word' id='word_1_34' title='bbox 390 738 523 816; x_wconf 82' lang='grc' dir='ltr'><em>σύνεσις</em></span> <span class='ocrx_word' id='word_1_35' title='bbox 540 737 596 804; x_wconf 79' lang='grc' dir='ltr'><em>καὶ</em></span> <span class='ocrx_word' id='word_1_36' title='bbox 615 742 728 824; x_wconf 84' lang='grc' dir='ltr'><em>σοφία,</em></span> <span class='ocrx_word' id='word_1_37' title='bbox 747 736 792 803; x_wconf 92' lang='grc' dir='ltr'><em>δι’</em></span> <span class='ocrx_word' id='word_1_38' title='bbox 809 739 862 822; x_wconf 66' lang='grc' dir='ltr'><em>ἦν,</em></span> <span class='ocrx_word' id='word_1_39' title='bbox 881 739 938 804; x_wconf 74' lang='grc' dir='ltr'><em>ἵνα</em></span> <span class='ocrx_word' id='word_1_40' title='bbox 954 751 1081 825; x_wconf 76' lang='grc' dir='ltr'><em>γνῶσιν</em></span> 
     </span>
     <span class='ocr_line' id='line_1_7' title="bbox 59 841 1081 930; baseline 0.002 -20"><span class='ocrx_word' id='word_1_41' title='bbox 59 846 203 921; x_wconf 79' lang='grc' dir='ltr'><em>ἅπαντες</em></span> <span class='ocrx_word' id='word_1_42' title='bbox 216 841 253 910; x_wconf 84' lang='grc' dir='ltr'><em>τδ</em></span> <span class='ocrx_word' id='word_1_43' title='bbox 268 850 444 929; x_wconf 77' lang='grc' dir='ltr'><em>μεγαλεῖον</em></span> <span class='ocrx_word' id='word_1_44' title='bbox 457 844 562 910; x_wconf 84' lang='grc' dir='ltr'><em>αὑτοῦ</em></span> <span class='ocrx_word' id='word_1_45' title='bbox 580 854 639 930; x_wconf 75' lang='grc' dir='ltr'><em>τῆς</em></span> <span class='ocrx_word' id='word_1_46' title='bbox 653 845 786 929; x_wconf 84' lang='grc' dir='ltr'><em>φύσεως</em></span> <span class='ocrx_word' id='word_1_47' title='bbox 800 843 856 910; x_wconf 77' lang='grc' dir='ltr'><em>καὶ</em></span> <span class='ocrx_word' id='word_1_48' title='bbox 870 848 907 911; x_wconf 90' lang='grc' dir='ltr'><em>τὸ</em></span> <span class='ocrx_word' id='word_1_49' title='bbox 921 844 1081 930; x_wconf 73' lang='grc' dir='ltr'><em>θεοφιλὲς</em></span> 
     </span>
     <span class='ocr_line' id='line_1_8' title="bbox 58 947 1081 1035; baseline 0.004 -21"><span class='ocrx_word' id='word_1_50' title='bbox 58 948 115 1015; x_wconf 82' lang='grc' dir='ltr'><em>καὶ</em></span> <span class='ocrx_word' id='word_1_51' title='bbox 139 951 229 1035; x_wconf 83' lang='grc' dir='ltr'><em>λάθη</em></span> <span class='ocrx_word' id='word_1_52' title='bbox 251 947 379 1035; x_wconf 79' lang='grc' dir='ltr'><em>μηδένα</em></span> <span class='ocrx_word' id='word_1_53' title='bbox 405 960 473 1017; x_wconf 79' lang='grc' dir='ltr'><em>τῶν</em></span> <span class='ocrx_word' id='word_1_54' title='bbox 495 951 561 1017; x_wconf 86' lang='grc' dir='ltr'><em>ὑπὸ</em></span> <span class='ocrx_word' id='word_1_55' title='bbox 584 953 645 1016; x_wconf 91' lang='grc' dir='ltr'><em>τὸν</em></span> <span class='ocrx_word' id='word_1_56' title='bbox 666 952 764 1035; x_wconf 74' lang='grc' dir='ltr'><em>ἥλιον</em></span> <span class='ocrx_word' id='word_1_57' title='bbox 790 950 811 1034; x_wconf 82' lang='grc' dir='ltr'><em>η</em></span> <span class='ocrx_word' id='word_1_58' title='bbox 834 960 895 1017; x_wconf 86' lang='grc' dir='ltr'><em>τοῦ</em></span> <span class='ocrx_word' id='word_1_59' title='bbox 918 951 1081 1035; x_wconf 84' lang='grc' dir='ltr'><em>βασιλέως</em></span> 
     </span>
     <span class='ocr_line' id='line_1_9' title="bbox 59 1051 1081 1171; baseline 0.002 -50"><span class='ocrx_word' id='word_1_60' title='bbox 59 1053 136 1141; x_wconf 85' lang='grc' dir='ltr'><em>περὶ</em></span> <span class='ocrx_word' id='word_1_61' title='bbox 159 1065 226 1122; x_wconf 84' lang='grc' dir='ltr'><em>πᾶν</em></span> <span class='ocrx_word' id='word_1_62' title='bbox 248 1051 338 1134; x_wconf 82' lang='grc' dir='ltr'><em>εἶδος</em></span> <span class='ocrx_word' id='word_1_63' title='bbox 361 1055 480 1143; x_wconf 80' lang='grc' dir='ltr'><em>άρετης</em></span> <span class='ocrx_word' id='word_1_64' title='bbox 494 1057 689 1171; x_wconf 81' lang='grc' dir='ltr'><em>ὑπερβολή,</em></span> <span class='ocrx_word' id='word_1_65' title='bbox 716 1055 792 1144; x_wconf 80' lang='grc' dir='ltr'><em>περὶ</em></span> <span class='ocrx_word' id='word_1_66' title='bbox 819 1058 947 1124; x_wconf 83' lang='grc' dir='ltr'><em>τούτων</em></span> <span class='ocrx_word' id='word_1_67' title='bbox 975 1061 1081 1163; x_wconf 77' lang='grc' dir='ltr'><em>εἰπεῖν</em></span> 
     </span>
     <span class='ocr_line' id='line_1_10' title="bbox 58 1164 286 1248; baseline 0.005 -1"><span class='ocrx_word' id='word_1_68' title='bbox 58 1164 286 1248; x_wconf 70' lang='grc' dir='ltr'><em>ποολιθοεεν</em></span> 
     </span>
     <span class='ocr_line' id='line_1_11' title="bbox 16 1216 1113 1357; baseline 0.007 -27"><span class='ocrx_word' id='word_1_69' title='bbox 16 1291 44 1330; x_wconf 90' lang='lat'><em>10</em></span> <span class='ocrx_word' id='word_1_70' title='bbox 128 1269 215 1352; x_wconf 77' lang='lat'>(50)</span> <span class='ocrx_word' id='word_1_71' title='bbox 239 1270 257 1336; x_wconf 88' lang='grc' dir='ltr'>ὁ</span> <span class='ocrx_word' id='word_1_72' title='bbox 282 1265 320 1335; x_wconf 93' lang='grc' dir='ltr'><em>δ</em></span> <span class='ocrx_word' id='word_1_73' title='bbox 341 1264 410 1336; x_wconf 82' lang='grc' dir='ltr'><em>τῶν</em></span> <span class='ocrx_word' id='word_1_74' title='bbox 434 1266 567 1356; x_wconf 85' lang='grc' dir='ltr'><em>Τυρίων</em></span> <span class='ocrx_word' id='word_1_75' title='bbox 589 1271 746 1355; x_wconf 77' lang='grc' dir='ltr'><em>βασιλεὺς</em></span> <span class='ocrx_word' id='word_1_76' title='bbox 762 1216 953 1357; x_wconf 85' lang='grc' dir='ltr'><em>Είραμος’</em></span> <span class='ocrx_word' id='word_1_77' title='bbox 935 1273 1113 1350; x_wconf 79' lang='grc' dir='ltr'><em>ακούσαςσ</em></span> 
     </span>
     <span class='ocr_line' id='line_1_12' title="bbox 60 1374 1080 1462; baseline 0.001 -22"><span class='ocrx_word' id='word_1_78' title='bbox 60 1375 112 1440; x_wconf 83' lang='grc' dir='ltr'><em>ότι</em></span> <span class='ocrx_word' id='word_1_79' title='bbox 127 1377 292 1460; x_wconf 85' lang='grc' dir='ltr'><em>Σολομὼν</em></span> <span class='ocrx_word' id='word_1_80' title='bbox 310 1375 372 1459; x_wconf 81' lang='grc' dir='ltr'><em>την</em></span> <span class='ocrx_word' id='word_1_81' title='bbox 387 1384 448 1441; x_wconf 83' lang='grc' dir='ltr'><em>τοῦ</em></span> <span class='ocrx_word' id='word_1_82' title='bbox 465 1378 590 1462; x_wconf 85' lang='grc' dir='ltr'><em>πατρὸς</em></span> <span class='ocrx_word' id='word_1_83' title='bbox 608 1374 775 1455; x_wconf 85' lang='grc' dir='ltr'><em>διεδέξατο</em></span> <span class='ocrx_word' id='word_1_84' title='bbox 790 1377 998 1460; x_wconf 63' lang='grc' dir='ltr'><em>βασιλείαν*</em></span> <span class='ocrx_word' id='word_1_85' title='bbox 981 1399 1080 1462; x_wconf 88' lang='grc' dir='ltr'><em>υπερ-</em></span> 
     </span>
     <span class='ocr_line' id='line_1_13' title="bbox 59 1479 1081 1572; baseline 0.001 -27"><span class='ocrx_word' id='word_1_86' title='bbox 59 1482 150 1565; x_wconf 82' lang='grc' dir='ltr'><em>ησθη</em></span> <span class='ocrx_word' id='word_1_87' title='bbox 180 1479 295 1568; x_wconf 82' lang='grc' dir='ltr'><em>(φίλος</em></span> <span class='ocrx_word' id='word_1_88' title='bbox 321 1483 386 1568; x_wconf 83' lang='grc' dir='ltr'><em>γάρ</em></span> <span class='ocrx_word' id='word_1_89' title='bbox 413 1480 572 1568; x_wconf 89' lang='grc' dir='ltr'><em>ἐτύγχανε</em></span> <span class='ocrx_word' id='word_1_90' title='bbox 598 1492 645 1572; x_wconf 78' lang='grc' dir='ltr'><em>τῷ</em></span> <span class='ocrx_word' id='word_1_91' title='bbox 670 1489 748 1549; x_wconf 87' lang='grc' dir='ltr'><em>Λαυ</em></span> <span class='ocrx_word' id='word_1_92' title='bbox 750 1480 836 1570; x_wconf 83' lang='grc' dir='ltr'><em>ίδη),</em></span> <span class='ocrx_word' id='word_1_93' title='bbox 867 1480 922 1547; x_wconf 82' lang='grc' dir='ltr'><em>καὶ</em></span> <span class='ocrx_word' id='word_1_94' title='bbox 949 1480 1081 1567; x_wconf 89' lang='grc' dir='ltr'><em>πέμψας</em></span> 
     </span>
     <span class='ocr_line' id='line_1_14' title="bbox 59 1584 1080 1675; baseline 0 -22"><span class='ocrx_word' id='word_1_95' title='bbox 59 1588 144 1673; x_wconf 87' lang='grc' dir='ltr'><em>πρὸς</em></span> <span class='ocrx_word' id='word_1_96' title='bbox 162 1584 266 1653; x_wconf 86' lang='grc' dir='ltr'><em>αὐτὸν</em></span> <span class='ocrx_word' id='word_1_97' title='bbox 283 1587 443 1671; x_wconf 75' lang='grc' dir='ltr'><em>ἠσπάζετό</em></span> <span class='ocrx_word' id='word_1_98' title='bbox 461 1585 570 1654; x_wconf 79' lang='grc' dir='ltr'><em>τεκαὶ</em></span> <span class='ocrx_word' id='word_1_99' title='bbox 589 1587 785 1675; x_wconf 78' lang='grc' dir='ltr'><em>συνέχαιρεν</em></span> <span class='ocrx_word' id='word_1_100' title='bbox 804 1585 858 1654; x_wconf 82' lang='grc' dir='ltr'><em>ἐπὶ</em></span> <span class='ocrx_word' id='word_1_101' title='bbox 871 1585 942 1665; x_wconf 88' lang='grc' dir='ltr'><em>τοῖς</em></span> <span class='ocrx_word' id='word_1_102' title='bbox 955 1597 1080 1675; x_wconf 83' lang='grc' dir='ltr'><em>παροῦ-</em></span> 
     </span>
     <span class='ocr_line' id='line_1_15' title="bbox 59 1688 1080 1781; baseline 0.001 -23"><span class='ocrx_word' id='word_1_103' title='bbox 59 1711 117 1758; x_wconf 91' lang='grc' dir='ltr'><em>σιν</em></span> <span class='ocrx_word' id='word_1_104' title='bbox 134 1693 286 1776; x_wconf 87' lang='grc' dir='ltr'><em>άγαθοῖς.</em></span> <span class='ocrx_word' id='word_1_105' title='bbox 322 1692 516 1761; x_wconf 79' lang='grc' dir='ltr'><em>ἀποστέλλει</em></span> <span class='ocrx_word' id='word_1_106' title='bbox 529 1688 568 1760; x_wconf 68' lang='grc' dir='ltr'><em>δέ</em></span> <span class='ocrx_word' id='word_1_107' title='bbox 581 1692 665 1781; x_wconf 82' lang='grc' dir='ltr'><em>πρὸς</em></span> <span class='ocrx_word' id='word_1_108' title='bbox 678 1694 782 1760; x_wconf 83' lang='grc' dir='ltr'><em>αὐτὸν</em></span> <span class='ocrx_word' id='word_1_109' title='bbox 796 1695 961 1779; x_wconf 84' lang='grc' dir='ltr'><em>Σολομὼν</em></span> <span class='ocrx_word' id='word_1_110' title='bbox 977 1695 1080 1780; x_wconf 91' lang='grc' dir='ltr'><em>γράμ-</em></span> 
     </span>
     <span class='ocr_line' id='line_1_16' title="bbox 14 1800 1079 1887; baseline 0.001 -25"><span class='ocrx_word' id='word_1_111' title='bbox 14 1821 41 1862; x_wconf 85' lang='lat'><em>15</em></span> <span class='ocrx_word' id='word_1_112' title='bbox 58 1823 146 1884; x_wconf 91' lang='grc' dir='ltr'><em>ματα</em></span> <span class='ocrx_word' id='word_1_113' title='bbox 164 1801 330 1883; x_wconf 79' lang='grc' dir='ltr'><em>δηλοῦντα</em></span> <span class='ocrx_word' id='word_1_114' title='bbox 348 1800 436 1866; x_wconf 88' lang='grc' dir='ltr'><em>τάδε.</em></span> <span class='ocrx_word' id='word_1_115' title='bbox 472 1801 560 1884; x_wconf 88' lang='grc'>&lt;51&gt;</span> <span class='ocrx_word' id='word_1_116' title='bbox 579 1800 747 1886; x_wconf 64' lang='grc' dir='ltr'><em>εβασιλείας</em></span> <span class='ocrx_word' id='word_1_117' title='bbox 763 1801 928 1883; x_wconf 84' lang='grc' dir='ltr'><em>Σολομὼν</em></span> <span class='ocrx_word' id='word_1_118' title='bbox 941 1800 1079 1887; x_wconf 78' lang='grc' dir='ltr'><em>Είράμφ</em></span> 
     </span>
     <span class='ocr_line' id='line_1_17' title="bbox 57 1903 1079 1994; baseline -0.003 -23"><span class='ocrx_word' id='word_1_119' title='bbox 57 1910 197 1991; x_wconf 81' lang='grc' dir='ltr'><em>βασιλεῖ.</em></span> <span class='ocrx_word' id='word_1_120' title='bbox 244 1911 318 1972; x_wconf 88' lang='grc' dir='ltr'><em>ῖσθι</em></span> <span class='ocrx_word' id='word_1_121' title='bbox 340 1930 407 1992; x_wconf 92' lang='grc' dir='ltr'><em>μου</em></span> <span class='ocrx_word' id='word_1_122' title='bbox 434 1907 494 1972; x_wconf 88' lang='grc' dir='ltr'><em>τδν</em></span> <span class='ocrx_word' id='word_1_123' title='bbox 518 1904 644 1994; x_wconf 83' lang='grc' dir='ltr'><em>πατέρα</em></span> <span class='ocrx_word' id='word_1_124' title='bbox 667 1903 878 1991; x_wconf 80' lang='grc' dir='ltr'><em>βουληθέντα</em></span> <span class='ocrx_word' id='word_1_125' title='bbox 900 1921 1079 1980; x_wconf 85' lang='grc' dir='ltr'><em>κατασκευ-</em></span> 
     </span>
     <span class='ocr_line' id='line_1_18' title="bbox 57 2008 1079 2101; baseline -0.004 -23"><span class='ocrx_word' id='word_1_126' title='bbox 57 2009 137 2078; x_wconf 84' lang='grc' dir='ltr'><em>άσαι</em></span> <span class='ocrx_word' id='word_1_127' title='bbox 159 2023 205 2100; x_wconf 77' lang='grc' dir='ltr'><em>τῷ</em></span> <span class='ocrx_word' id='word_1_128' title='bbox 227 2019 298 2101; x_wconf 74' lang='grc' dir='ltr'><em>θεῷ</em></span> <span class='ocrx_word' id='word_1_129' title='bbox 320 2014 405 2078; x_wconf 85' lang='grc' dir='ltr'><em>ναὸν</em></span> <span class='ocrx_word' id='word_1_130' title='bbox 427 2012 493 2079; x_wconf 87' lang='grc' dir='ltr'><em>ὑπὸ</em></span> <span class='ocrx_word' id='word_1_131' title='bbox 511 2024 579 2078; x_wconf 83' lang='grc' dir='ltr'><em>τῶν</em></span> <span class='ocrx_word' id='word_1_132' title='bbox 597 2009 752 2097; x_wconf 85' lang='grc' dir='ltr'><em>πολέμιον</em></span> <span class='ocrx_word' id='word_1_133' title='bbox 769 2008 825 2075; x_wconf 82' lang='grc' dir='ltr'><em>καὶ</em></span> <span class='ocrx_word' id='word_1_134' title='bbox 842 2020 911 2076; x_wconf 81' lang='grc' dir='ltr'><em>τῶν</em></span> <span class='ocrx_word' id='word_1_135' title='bbox 929 2021 1079 2094; x_wconf 81' lang='grc' dir='ltr'><em>συνεχῶν</em></span> 
     </span>
     <span class='ocr_line' id='line_1_19' title="bbox 58 2115 1079 2205; baseline -0.004 -21"><span class='ocrx_word' id='word_1_136' title='bbox 58 2129 240 2205; x_wconf 82' lang='grc' dir='ltr'><em>στρατειῶν</em></span> <span class='ocrx_word' id='word_1_137' title='bbox 271 2115 514 2203; x_wconf 80' lang='grc' dir='ltr'><em>κεκωλυμένου·</em></span> <span class='ocrx_word' id='word_1_138' title='bbox 550 2117 592 2183; x_wconf 87' lang='grc' dir='ltr'><em>ού</em></span> <span class='ocrx_word' id='word_1_139' title='bbox 622 2118 687 2203; x_wconf 84' lang='grc' dir='ltr'><em>γάρ</em></span> <span class='ocrx_word' id='word_1_140' title='bbox 720 2115 885 2193; x_wconf 89' lang='grc' dir='ltr'><em>ἐπαύσατο</em></span> <span class='ocrx_word' id='word_1_141' title='bbox 916 2116 1079 2202; x_wconf 87' lang='grc' dir='ltr'><em>πρότερον</em></span> 
     </span>
     <span class='ocr_line' id='line_1_20' title="bbox 57 2219 1079 2312; baseline -0.004 -21"><span class='ocrx_word' id='word_1_142' title='bbox 57 2228 138 2303; x_wconf 90' lang='grc' dir='ltr'><em>τοὺς</em></span> <span class='ocrx_word' id='word_1_143' title='bbox 161 2220 305 2312; x_wconf 78' lang='grc' dir='ltr'><em>ἐχθρούς</em></span> <span class='ocrx_word' id='word_1_144' title='bbox 327 2225 635 2312; x_wconf 80' lang='grc' dir='ltr'><em>καταστρεφόμενος</em></span> <span class='ocrx_word' id='word_1_145' title='bbox 660 2219 742 2310; x_wconf 79' lang='grc' dir='ltr'><em>πρὶν</em></span> <span class='ocrx_word' id='word_1_146' title='bbox 764 2220 786 2306; x_wconf 76' lang='grc' dir='ltr'><strong><em>ἣ</em></strong></span> <span class='ocrx_word' id='word_1_147' title='bbox 808 2222 934 2300; x_wconf 81' lang='grc' dir='ltr'><em>πάντας</em></span> <span class='ocrx_word' id='word_1_148' title='bbox 956 2221 1079 2300; x_wconf 80' lang='grc' dir='ltr'><em>αὐτοὺς</em></span> 
     </span>
     <span class='ocr_line' id='line_1_21' title="bbox 13 2324 1079 2417; baseline 0 -24"><span class='ocrx_word' id='word_1_149' title='bbox 13 2352 42 2393; x_wconf 78' lang='grc' dir='ltr'><em>νο</em></span> <span class='ocrx_word' id='word_1_150' title='bbox 58 2335 177 2417; x_wconf 83' lang='grc' dir='ltr'><em>φόρων</em></span> <span class='ocrx_word' id='word_1_151' title='bbox 199 2325 371 2409; x_wconf 77' lang='grc' dir='ltr'><em>ὑποτελεῖς</em></span> <span class='ocrx_word' id='word_1_152' title='bbox 393 2329 556 2416; x_wconf 88' lang='grc' dir='ltr'><em>ἐποίησεν.</em></span> <span class='ocrx_word' id='word_1_153' title='bbox 603 2324 699 2415; x_wconf 78' lang='lat'>(52)</span> <span class='ocrx_word' id='word_1_154' title='bbox 727 2328 791 2413; x_wconf 85' lang='grc' dir='ltr'><em>ἐγὼ</em></span> <span class='ocrx_word' id='word_1_155' title='bbox 820 2326 858 2395; x_wconf 72' lang='grc' dir='ltr'><em>δὲ</em></span> <span class='ocrx_word' id='word_1_156' title='bbox 881 2329 980 2416; x_wconf 89' lang='grc' dir='ltr'><em>χάριν</em></span> <span class='ocrx_word' id='word_1_157' title='bbox 1003 2325 1079 2394; x_wconf 86' lang='grc' dir='ltr'><em>οῖδα</em></span> 
     </span>
     <span class='ocr_line' id='line_1_22' title="bbox 57 2434 1080 2566; baseline -0.003 -62"><span class='ocrx_word' id='word_1_158' title='bbox 57 2448 104 2527; x_wconf 77' lang='grc' dir='ltr'><em>τῷ</em></span> <span class='ocrx_word' id='word_1_159' title='bbox 127 2445 198 2526; x_wconf 76' lang='grc' dir='ltr'><em>θεῷ</em></span> <span class='ocrx_word' id='word_1_160' title='bbox 221 2447 281 2523; x_wconf 94' lang='grc' dir='ltr'><em>της</em></span> <span class='ocrx_word' id='word_1_161' title='bbox 302 2438 472 2524; x_wconf 85' lang='grc' dir='ltr'><em>παρούσης</em></span> <span class='ocrx_word' id='word_1_162' title='bbox 494 2439 639 2524; x_wconf 82' lang='grc' dir='ltr'><em>είρηνης,</em></span> <span class='ocrx_word' id='word_1_163' title='bbox 660 2435 717 2503; x_wconf 85' lang='grc' dir='ltr'><em>καὶ</em></span> <span class='ocrx_word' id='word_1_164' title='bbox 740 2434 943 2521; x_wconf 81' lang='grc' dir='ltr'><em>διὰταύτην</em></span> <span class='ocrx_word' id='word_1_165' title='bbox 966 2434 1080 2566; x_wconf 83' lang='grc' dir='ltr'><em>εύσχρ-</em></span> 
     </span>
     <span class='ocr_line' id='line_1_23' title="bbox 58 2503 1080 2631; baseline -0.006 -20"><span class='ocrx_word' id='word_1_166' title='bbox 58 2551 129 2611; x_wconf 81' lang='grc' dir='ltr'><em>λῶν</em></span> <span class='ocrx_word' id='word_1_167' title='bbox 148 2503 364 2630; x_wconf 81' lang='grc' dir='ltr'><em>οέκοδομησαι</em></span> <span class='ocrx_word' id='word_1_168' title='bbox 389 2552 432 2631; x_wconf 76' lang='grc' dir='ltr'><em>τῷ</em></span> <span class='ocrx_word' id='word_1_169' title='bbox 450 2549 521 2630; x_wconf 74' lang='grc' dir='ltr'><em>θεῷ</em></span> <span class='ocrx_word' id='word_1_170' title='bbox 544 2545 720 2627; x_wconf 85' lang='grc' dir='ltr'><em>βούλομαι</em></span> <span class='ocrx_word' id='word_1_171' title='bbox 730 2543 790 2607; x_wconf 88' lang='grc' dir='ltr'><em>τὸν</em></span> <span class='ocrx_word' id='word_1_172' title='bbox 808 2537 914 2606; x_wconf 79' lang='grc' dir='ltr'><em>οἷκον·</em></span> <span class='ocrx_word' id='word_1_173' title='bbox 937 2539 993 2606; x_wconf 80' lang='grc' dir='ltr'><em>καὶ</em></span> <span class='ocrx_word' id='word_1_174' title='bbox 1017 2542 1080 2626; x_wconf 87' lang='grc' dir='ltr'><em>γάρ</em></span> 
     </span>
     <span class='ocr_line' id='line_1_24' title="bbox 59 2607 1080 2738; baseline -0.009 -20"><span class='ocrx_word' id='word_1_175' title='bbox 59 2650 111 2718; x_wconf 84' lang='grc' dir='ltr'><em>ἐπ’</em></span> <span class='ocrx_word' id='word_1_176' title='bbox 142 2652 223 2738; x_wconf 84' lang='grc' dir='ltr'><em>ἐμοῦ</em></span> <span class='ocrx_word' id='word_1_177' title='bbox 255 2656 376 2716; x_wconf 84' lang='grc' dir='ltr'><em>τοῦτον</em></span> <span class='ocrx_word' id='word_1_178' title='bbox 408 2607 546 2714; x_wconf 75' lang='grc' dir='ltr'><em>έσεσθαι</em></span> <span class='ocrx_word' id='word_1_179' title='bbox 578 2655 624 2735; x_wconf 73' lang='grc' dir='ltr'><em>τῷ</em></span> <span class='ocrx_word' id='word_1_180' title='bbox 655 2640 759 2732; x_wconf 88' lang='grc' dir='ltr'><em>πατρί</em></span> <span class='ocrx_word' id='word_1_181' title='bbox 781 2669 848 2730; x_wconf 87' lang='grc' dir='ltr'><em>μου</em></span> <span class='ocrx_word' id='word_1_182' title='bbox 877 2657 1035 2730; x_wconf 89' lang='grc' dir='ltr'><em>προεῖπεν</em></span> <span class='ocrx_word' id='word_1_183' title='bbox 1062 2645 1080 2709; x_wconf 89' lang='grc' dir='ltr'>ὁ</span> 
     </span>
     <span class='ocr_line' id='line_1_25' title="bbox 57 2748 1081 2843; baseline -0.012 -18"><span class='ocrx_word' id='word_1_184' title='bbox 57 2762 149 2837; x_wconf 86' lang='grc' dir='ltr'><em>θεός.</em></span> <span class='ocrx_word' id='word_1_185' title='bbox 195 2758 249 2824; x_wconf 88' lang='grc' dir='ltr'><em>διὸ</em></span> <span class='ocrx_word' id='word_1_186' title='bbox 276 2761 456 2843; x_wconf 82' lang='grc' dir='ltr'><em>παρακαλῶ</em></span> <span class='ocrx_word' id='word_1_187' title='bbox 488 2771 525 2819; x_wconf 93' lang='grc' dir='ltr'><em>σε</em></span> <span class='ocrx_word' id='word_1_188' title='bbox 552 2750 746 2837; x_wconf 75' lang='grc' dir='ltr'><em>συμπέμψαι</em></span> <span class='ocrx_word' id='word_1_189' title='bbox 772 2751 866 2827; x_wconf 84' lang='grc' dir='ltr'><em>τινάς</em></span> <span class='ocrx_word' id='word_1_190' title='bbox 892 2755 963 2826; x_wconf 92' lang='grc' dir='ltr'><em>τοῖς</em></span> <span class='ocrx_word' id='word_1_191' title='bbox 990 2748 1081 2832; x_wconf 84' lang='grc' dir='ltr'><em>ἐμοῖς</em></span> 
     </span>
     <span class='ocr_line' id='line_1_26' title="bbox 16 2855 1081 2949; baseline -0.013 -17"><span class='ocrx_word' id='word_1_192' title='bbox 16 2881 44 2923; x_wconf 78' lang='lat'><em>2⁵</em></span> <span class='ocrx_word' id='word_1_193' title='bbox 60 2868 109 2943; x_wconf 85' lang='grc' dir='ltr'><em>είς</em></span> <span class='ocrx_word' id='word_1_194' title='bbox 132 2867 284 2948; x_wconf 84' lang='grc' dir='ltr'><em>Λίβανον</em></span> <span class='ocrx_word' id='word_1_195' title='bbox 306 2865 344 2929; x_wconf 91' lang='grc' dir='ltr'><em>τὸ</em></span> <span class='ocrx_word' id='word_1_196' title='bbox 368 2864 446 2949; x_wconf 87' lang='grc' dir='ltr'><em>όρος</em></span> <span class='ocrx_word' id='word_1_197' title='bbox 468 2863 634 2948; x_wconf 80' lang='grc' dir='ltr'><em>κόψοντας</em></span> <span class='ocrx_word' id='word_1_198' title='bbox 656 2857 751 2938; x_wconf 83' lang='grc' dir='ltr'><em>ξύλα·</em></span> <span class='ocrx_word' id='word_1_199' title='bbox 778 2858 862 2943; x_wconf 89' lang='grc' dir='ltr'><em>πρὸς</em></span> <span class='ocrx_word' id='word_1_200' title='bbox 890 2855 952 2941; x_wconf 83' lang='grc' dir='ltr'><em>γάρ</em></span> <span class='ocrx_word' id='word_1_201' title='bbox 975 2855 1081 2938; x_wconf 84' lang='grc' dir='ltr'><em>τομηυ</em></span> 
     </span>
     <span class='ocr_line' id='line_1_27' title="bbox 57 2961 1102 3056; baseline -0.013 -18"><span class='ocrx_word' id='word_1_202' title='bbox 57 2971 143 3055; x_wconf 85' lang='grc' dir='ltr'><em>ὑλης</em></span> <span class='ocrx_word' id='word_1_203' title='bbox 170 2968 486 3056; x_wconf 84' lang='grc' dir='ltr'><em>ἐπιστημονέστερον</em></span> <span class='ocrx_word' id='word_1_204' title='bbox 514 2961 632 3052; x_wconf 84' lang='grc' dir='ltr'><em>έχουσι</em></span> <span class='ocrx_word' id='word_1_205' title='bbox 659 2976 728 3032; x_wconf 81' lang='grc' dir='ltr'><em>τῶν</em></span> <span class='ocrx_word' id='word_1_206' title='bbox 758 2962 927 3049; x_wconf 76' lang='grc' dir='ltr'><em>ἡμετέρων</em></span> <span class='ocrx_word' id='word_1_207' title='bbox 959 2962 994 3026; x_wconf 83' lang='grc' dir='ltr'><em>οί</em></span> <span class='ocrx_word' id='word_1_208' title='bbox 1020 2965 1102 3053; x_wconf 46' lang='grc' dir='ltr'><em>Σιχ</em></span> 
     </span>
     <span class='ocr_line' id='line_1_28' title="bbox 60 3069 1081 3163; baseline -0.012 -20"><span class='ocrx_word' id='word_1_209' title='bbox 60 3080 188 3144; x_wconf 85' lang='grc' dir='ltr'><em>δώνιοι.</em></span> <span class='ocrx_word' id='word_1_210' title='bbox 233 3078 359 3163; x_wconf 89' lang='grc' dir='ltr'><em>μισθὸν</em></span> <span class='ocrx_word' id='word_1_211' title='bbox 382 3073 413 3141; x_wconf 88' lang='grc' dir='ltr'><em>δ’</em></span> <span class='ocrx_word' id='word_1_212' title='bbox 440 3075 481 3142; x_wconf 88' lang='grc' dir='ltr'><em>δν</em></span> <span class='ocrx_word' id='word_1_213' title='bbox 507 3073 550 3139; x_wconf 84' lang='grc' dir='ltr'><em>άν</em></span> <span class='ocrx_word' id='word_1_214' title='bbox 573 3075 688 3160; x_wconf 88' lang='grc' dir='ltr'><em>ὑρίσης</em></span> <span class='ocrx_word' id='word_1_215' title='bbox 716 3070 780 3155; x_wconf 85' lang='grc' dir='ltr'><em>ἐγὼ</em></span> <span class='ocrx_word' id='word_1_216' title='bbox 807 3080 878 3147; x_wconf 89' lang='grc' dir='ltr'><em>τοῖς</em></span> <span class='ocrx_word' id='word_1_217' title='bbox 902 3069 1081 3153; x_wconf 90' lang='grc' dir='ltr'><em>ὑλουργοῖς</em></span> 
     </span>
     <span class='ocr_line' id='line_1_29' title="bbox 59 3182 213 3271; baseline -0.013 -21"><span class='ocrx_word' id='word_1_218' title='bbox 59 3182 213 3271; x_wconf 81' lang='grc' dir='ltr'><em>παρέξω.’</em></span> 
     </span>
     <span class='ocr_line' id='line_1_30' title="bbox 128 3275 1116 3374; baseline -0.011 -18"><span class='ocrx_word' id='word_1_219' title='bbox 128 3290 215 3374; x_wconf 86' lang='grc'>&lt;53&gt;</span> <span class='ocrx_word' id='word_1_220' title='bbox 239 3289 407 3372; x_wconf 82' lang='grc' dir='ltr'><em>ἀναγνοὺς</em></span> <span class='ocrx_word' id='word_1_221' title='bbox 430 3284 467 3352; x_wconf 73' lang='grc' dir='ltr'><em>δὲ</em></span> <span class='ocrx_word' id='word_1_222' title='bbox 489 3287 551 3371; x_wconf 79' lang='grc' dir='ltr'><em>τὴν</em></span> <span class='ocrx_word' id='word_1_223' title='bbox 570 3284 747 3368; x_wconf 81' lang='grc' dir='ltr'><em>ε’πιστολην</em></span> <span class='ocrx_word' id='word_1_224' title='bbox 764 3283 914 3369; x_wconf 83' lang='grc' dir='ltr'><em>Είραμος</em></span> <span class='ocrx_word' id='word_1_225' title='bbox 935 3275 990 3344; x_wconf 82' lang='grc' dir='ltr'><em>καὶ</em></span> <span class='ocrx_word' id='word_1_226' title='bbox 1011 3287 1081 3354; x_wconf 91' lang='grc' dir='ltr'><em>τοῖς</em></span> <span class='ocrx_word' id='word_1_227' title='bbox 1100 3294 1116 3345; x_wconf 83' lang='grc' dir='ltr'><em>ῖ</em></span> 
     </span>
     <span class='ocr_line' id='line_1_31' title="bbox 19 3384 1081 3479; baseline -0.013 -16"><span class='ocrx_word' id='word_1_228' title='bbox 19 3415 46 3456; x_wconf 74' lang='lat'><em>⁸0</em></span> <span class='ocrx_word' id='word_1_229' title='bbox 61 3392 316 3479; x_wconf 89' lang='grc' dir='ltr'><em>ἐπεσταλμένοις</em></span> <span class='ocrx_word' id='word_1_230' title='bbox 333 3391 452 3476; x_wconf 73' lang='grc' dir='ltr'><em>ἡσθεὶς</em></span> <span class='ocrx_word' id='word_1_231' title='bbox 470 3391 666 3478; x_wconf 79' lang='grc' dir='ltr'><em>ἀντιγράφει</em></span> <span class='ocrx_word' id='word_1_232' title='bbox 685 3397 730 3478; x_wconf 76' lang='grc' dir='ltr'><em>τῷ</em></span> <span class='ocrx_word' id='word_1_233' title='bbox 749 3392 939 3471; x_wconf 84' lang='grc' dir='ltr'><em>Σολομῶνι.</em></span> <span class='ocrx_word' id='word_1_234' title='bbox 975 3384 1081 3470; x_wconf 59' lang='grc' dir='ltr'><em>’βασι-</em></span> 
     </span>
    </p>
   </div>
   <div class='ocr_carea' id='block_1_3' title="bbox 134 3514 943 3650">
    <p class='ocr_par' dir='ltr' id='par_1_3' title="bbox 134 3514 943 3650">
     <span class='ocr_line' id='line_1_32' title="bbox 134 3514 464 3583; baseline 0.003 -14"><span class='ocrx_word' id='word_1_235' title='bbox 134 3521 203 3583; x_wconf 78' lang='grc' dir='ltr'><em>ςιο</em></span> <span class='ocrx_word' id='word_1_236' title='bbox 223 3542 256 3562; x_wconf 91' lang='lat'>=</span> <span class='ocrx_word' id='word_1_237' title='bbox 276 3521 292 3568; x_wconf 82' lang='lat'><strong>3</strong></span> <span class='ocrx_word' id='word_1_238' title='bbox 311 3514 379 3583; x_wconf 66' lang='grc' dir='ltr'><em>μσς.</em></span> <span class='ocrx_word' id='word_1_239' title='bbox 400 3515 464 3570; x_wconf 82' lang='lat' dir='ltr'><em>v1.</em></span> 
     </span>
     <span class='ocr_line' id='line_1_33' title="bbox 886 3595 943 3650; baseline 0 0"><span class='ocrx_word' id='word_1_240' title='bbox 886 3595 943 3650; x_wconf 62' lang='grc' dir='ltr'><em>υι*</em></span> 
     </span>
    </p>
   </div>
   <div class='ocr_carea' id='block_1_4' title="bbox 0 0 1207 3840">
    <p class='ocr_par' dir='ltr' id='par_1_4' title="bbox 0 0 1207 3840">
     <span class='ocr_line' id='line_1_34' title="bbox 0 0 1207 3840; baseline 0 0"><span class='ocrx_word' id='word_1_241' title='bbox 0 0 1207 3840; x_wconf 95' lang='lat' dir='ltr'><em> </em></span> 
     </span>
    </p>
   </div>
  </div>
 </body>
</html>
