2400 3840
522 135 620 185 EKTH
1036 135 1080 199 45

60 293 243 377 άναφυγήν
265 292 301 358 έκ
323 305 391 358 τῶν
413 293 649 377 ὑπεσχημένων
673 294 826 378 (αίσχρὸν
850 297 913 380 γάρ
936 296 1080 381 ὑπελάμ-

61 403 165 483 βανεν
188 397 209 482 ή
232 401 422 476 ψεύσασθαι
447 401 573 483 δοκεῖν,
598 399 619 482 ή
643 398 688 465 δι’
715 400 905 484 ἐπιβουλήν,
929 399 973 466 ἵν’
1000 402 1079 466 άδυ-

61 505 175 582 νάτοις
203 504 379 589 ἐπιχειρῶν
411 506 429 571 ὁ
456 508 609 589 Δαυίδης
639 505 850 591 ἐπαποθάνη,
882 509 942 572 τὸν
974 507 1081 591 γάμον

62 610 282 698 ἐπηγγέλθαι)
315 613 454 677 δίδωσιν
487 612 575 699 αὐτῷ
609 613 670 695 τήν
701 611 886 697 θυγατέρα,
922 615 1081 696 Μιχάλαν

38 718 211 802 οὐνόματι.

127 824 240 909 <205>
267 827 380 908 ἔμελλε
409 823 440 889 δ’
471 825 532 890 οὐκ
560 823 613 890 ἐπὶ
639 829 726 890 πολὺ
752 838 823 902 τοῖς
849 825 1132 910 γεγενημένοις11

62 928 219 1014 έμμενεῑν
241 932 395 1008 Σάουλος
417 933 495 1016 άρα·
524 932 613 1015 δρῶν
640 933 703 1016 γάρ
731 933 791 997 τὸν
813 933 969 1014 Δαυίδην
992 933 1081 1016 παρά

61 1046 105 1124 τῷ
129 1043 201 1124 θεῷ
223 1035 279 1101 καὶ
302 1039 390 1123 παρὰ
413 1050 483 1114 τοῖς
507 1041 618 1122 ὄχλοις
641 1039 881 1122 εὐδοκιμοῦντα
903 1037 1081 1121 κατέδεισε,

60 1140 115 1207 καὶ
139 1143 201 1207 τὸν
224 1145 333 1228 φόβον
357 1144 418 1208 οὐκ
441 1147 526 1228 ἔχων
549 1144 806 1228 ἀποκρύψασθαι
829 1144 905 1230 περὶ
928 1147 1081 1229 μεγάλων

26 1251 157 1332 ωὐντα,
186 1250 356 1332 βασιλείας
382 1273 417 1315 τε
445 1249 500 1316 καὶ
524 1255 621 1335 ζωῆς,
650 1246 697 1316 ὧν
720 1250 775 1316 καὶ
797 1252 945 1336 θατέρου
968 1268 1081 1338 στερη-

60 1361 167 1439 θῆναι
187 1358 343 1440 συμφορά
362 1357 466 1440 δεινή,
487 1361 630 1423 κτείνειν
648 1360 707 1422 τὸν
725 1359 881 1440 Δαυίδην
899 1359 1081 1442 διεγνώκει,

59 1459 115 1526 καὶ
149 1462 344 1546 προστάττει
375 1464 436 1546 τῆν
469 1463 640 1549 ἀναίρεσιν
672 1464 775 1529 αὐτοῦ
801 1462 942 1549 Ἰωνάθη
973 1488 1008 1529 τε
1036 1473 1080 1552 τῷ

59 1566 157 1634 παιδὶ
180 1566 236 1632 καὶ
258 1580 329 1645 τοῖς
350 1569 559 1647 πιστοτάτοις
584 1581 652 1635 τῶν
675 1573 821 1636 οἰκετῶν.
867 1571 976 1654 <206>
1002 1571 1020 1636 δ
1044 1567 1081 1636 δέ

59 1676 120 1740 τὸν
144 1672 270 1759 πατέρα
291 1683 351 1758 τῆς
378 1674 431 1740 ἐπὶ
459 1686 504 1764 τῷ
527 1679 661 1761 Δαυίδη
684 1681 867 1760 μεταβολῆς
893 1676 1081 1760 θαυμάσας,

25 1781 122 1846 ύούκ
156 1778 210 1845 ἐπὶ
243 1785 388 1868 μετρίοις
421 1782 484 1848 ἀπὸ
515 1793 575 1866 τῆς
606 1788 731 1865 πολλῆς
763 1783 896 1858 εὐνοίας
925 1779 996 1846 ἀλλ’
1028 1780 1080 1846 ἐπὶ

57 1886 199 1974 θανάτῳ
222 1886 412 1971 γενομένης,
435 1886 490 1952 καὶ
513 1890 572 1953 τὸν
591 1892 768 1952 νεανίσκον
787 1887 924 1969 άγαπών
946 1885 1001 1952 καὶ
1020 1887 1081 1969 τήν

58 1992 184 2080 ἀρετήν
206 1992 311 2058 αὐτοῦ
329 1996 599 2078 καταιδούμενος,
623 1991 711 2075 λέγει
733 1995 817 2077 πρὸς
835 1994 938 2058 αὐτὸν
960 1993 997 2057 τὸ
1021 2002 1081 2057 τοῦ

57 2099 186 2183 πατρὸς
204 2098 392 2185 ἀπόρρητον
410 2099 464 2165 καὶ
483 2102 544 2184 τῆν
562 2104 766 2185 προαίρεσιν.
807 2100 916 2183 <207>
936 2104 1082 2184 συμβου-

57 2207 151 2270 λεύει
165 2204 280 2289 μέντοι
294 2206 522 2290 φυλάττεσθαι
536 2210 718 2290 γενόμενον
732 2205 882 2271 ἐκποδὼν
895 2208 956 2290 τῆν
971 2206 1081 2272 ἐπιοῦ-

20 2328 124 2377 νοσαν
152 2309 294 2396 ἡμέραν·
321 2313 422 2388 αὐτὸς
448 2314 511 2397 γὰρ
540 2312 747 2378 ἀσπάσεσθαι
775 2315 835 2378 τὸν
859 2313 998 2399 πατέρα,
1026 2313 1080 2380 καὶ

56 2427 121 2483 τοῦ
148 2427 269 2502 καιροῦ
295 2417 550 2503 παραφανέντος
580 2419 668 2507 αὐτῷ
696 2421 978 2503 διαλεχθήσεσθαι
1005 2419 1081 2505 περὶ

56 2524 178 2607 αὐτοῦ,
201 2520 256 2588 καὶ
279 2524 341 2607 τήν
364 2527 475 2589 αἰτίαν
498 2526 712 2608 μαθήσεσθαι
734 2523 789 2589 καὶ
813 2527 937 2607 ταύτην
961 2524 1082 2609 ἐκφαυ-

56 2635 185 2713 λίσειν,
211 2629 322 2713 <208>
346 2631 391 2707 ὡς
419 2630 460 2696 οὐ
483 2632 556 2696 δεῖν
584 2629 634 2695 ἐπ’
660 2631 741 2715 αὐτῆ
769 2635 912 2695 κτείνειν
939 2641 1082 2694 τοσαῦτα

55 2733 121 2821 μὲν
145 2735 260 2818 άγαθά
282 2737 319 2801 τὸ
341 2743 473 2819 πλῆθος
496 2736 737 2821 ἐργασάμενον,
766 2733 943 2819 εὐεργέτην
966 2732 997 2798 δ’
1023 2736 1082 2799 αὐ-

19 2852 120 2908 ῦτοῦ
153 2841 392 2925 γεγενημένον,
424 2840 469 2907 δι’
499 2842 520 2906 ἃ
547 2840 603 2907 καὶ
636 2842 836 2926 συγγνώμην
864 2840 906 2906 άν
933 2839 986 2906 ἐπὶ
1012 2854 1083 2919 τοῖς

55 2951 216 3033 μεγίστος
234 2947 466 3033 ἁμαρτήμασιν
485 2951 619 3025 εἰκότως
638 2948 761 3032 εὕρετο.
803 2947 953 3029 δηλώσω
973 2947 1012 3012 δέ
1029 2965 1081 3012 σοι

56 3055 120 3138 τήν
144 3062 207 3118 τοῦ
229 3055 354 3139 πατρὸς
376 3053 534 3138 γνώμην.’
579 3055 731 3137 Δαυίδης
758 3050 795 3119 δὲ
822 3052 974 3131 πεισθεὶς
1002 3071 1082 3138 συμ-

56 3163 182 3246 βουλία
208 3169 332 3249 χρηστῆ
360 3160 572 3238 ὑπεξίσταται
604 3170 662 3243 τῆς
689 3169 749 3226 τοῦ
777 3158 938 3244 βασιλέως
965 3162 1081 3237 ὄψεως.

57 3267 171 3351 (209)
195 3275 235 3351 τῆ
259 3263 290 3330 δ’
317 3265 455 3351 ἐπιούση
477 3268 560 3351 πρὸς
582 3269 643 3331 τὸν
666 3267 822 3330 Σάουλον
843 3263 1003 3347 Ἰωνάθης
1029 3265 1115 3331 έλ-<ι

21 3375 150 3456 ὓθών,
185 3371 231 3447 ὡς
259 3372 377 3456 ίλαρόν
408 3395 442 3436 τε
469 3370 524 3437 καὶ
552 3376 709 3457 χαίροντα
734 3370 928 3454 κατέλαβεν,
960 3370 1081 3455 ήρξατο

131 3499 146 3560 5
166 3497 221 3546 204
242 3518 277 3540 =
297 3501 310 3546 l
330 3493 400 3562 Reg.
419 3492 509 3547 XVIII
525 3501 566 3548 27.
