2400 3840
486 160 487 163 ¹
542 123 695 175 ΕΒΔοΜΗ
1010 127 1014 130 ·
1066 125 1127 190 131

106 278 300 356 αὐτοῖςκαὶ
323 282 384 365 τήν
408 280 539 367 ἑαυτοῦ,
561 279 617 348 καὶ
641 283 691 348 ὅτι
711 281 864 348 δέδοκται
885 287 924 349 τά
943 284 999 351 ὑπ’
1026 287 1129 354 αὐτοῦ

105 385 354 472 παραινεθέντα
381 390 553 475 πράττειν,
586 388 736 455 ἐκέλευσε
768 391 908 474 μηνύειν
937 389 1130 476 πέμψαντας

106 495 242 579 Δαυίδη
268 493 324 559 καὶ
352 497 481 581 φανερά
508 507 619 562 ποιεῖν
645 497 685 561 τά
714 495 1042 581 συμβεβουλευμένα,
1072 497 1130 563 καὶ

106 604 505 687 προσπαρακελεύσασθαι
532 601 656 688 ταχέως
684 604 842 686 διαβῆναι
866 605 926 668 τὸν
946 601 1129 689 Ἰορδάνην,

75 707 150 791 εμή
175 711 359 791 μεταγνοὺς
381 709 399 775 ὁ
422 719 500 787 παῖς
523 708 627 775 αὐτοῦ
651 710 785 774 διώκειν
808 709 948 796 ὁρμήσῃ,
970 708 1026 775 καί
1047 709 1128 796 πρίν

104 811 149 878 ἀν
168 811 205 878 έν
224 813 369 898 ἀσφαλεῖ
384 814 519 898 γένηται
538 815 674 899 φθάσας
691 816 869 901 καταλάβη.
911 815 1021 901 <223>
1041 818 1076 881 ολ
1094 813 1125 881 δ’

104 919 268 1006 ἀρχιερεῖς
301 920 487 1005 ἐξεπίτηδες
513 925 592 999 τοὺς
619 924 715 999 υἱοὺς
742 922 802 1000 ἔξω
830 932 888 1007 τῆς
919 925 1046 1001 πόλεως
1076 947 1128 990 κε-

102 1025 315 1112 κρυμμένους
334 1023 434 1113 εἶχον,
454 1029 542 1105 ὅπως
558 1031 775 1114 διακομίσωσι
793 1031 877 1116 πρὸς
894 1032 954 1095 τὸν
971 1032 1128 1114 Δαυίδην

103 1134 145 1198 τά
173 1136 391 1220 πραττόμενα.
436 1131 624 1220 πέμψαντες
656 1129 718 1200 οὖν
749 1136 870 1219 πιστὴν
901 1138 1127 1222 θεραπαινίδα

60 1257 89 1298 1⁰
103 1242 189 1325 πρὸς
207 1240 339 1325 αὐτούς,
357 1238 529 1327 φέρουσαν
547 1243 587 1307 τά
606 1239 852 1327 βεβουλευμένα
871 1239 927 1308 ὑπ’
948 1244 1127 1327 Αβεσαλώ-

103 1371 186 1431 μου,
212 1345 419 1434 προσέταξαν
445 1350 525 1433 μετά
549 1350 698 1433 σπουδής
724 1357 827 1414 ταῦτα
849 1350 985 1433 Λανίδη
1008 1353 1127 1433 σημαί-

102 1477 186 1519 νειν.
232 1455 341 1538 <224>
370 1457 406 1519 οἳ
429 1452 460 1518 δ’
486 1451 587 1520 οὐδὲν
615 1457 663 1532 είς
690 1454 857 1539 ἀναβολάς
883 1452 939 1520 καί
967 1452 1127 1542 μέλλησιν

101 1559 323 1645 ὑπερέθεντο,
354 1563 513 1645 λαβόντες
546 1557 583 1626 δὲ
615 1562 673 1638 τὰς
704 1571 772 1628 τῶν
803 1559 957 1648 πατέρων
990 1560 1126 1640 ἐντολάς

103 1666 251 1750 εὐσεβεῖς
281 1668 347 1752 ἅμα
373 1664 430 1733 καὶ
455 1665 567 1733 πιστοί
597 1669 749 1750 γίνονται
781 1668 948 1752 διάκονοι,
979 1667 1035 1734 καί
1066 1677 1126 1753 τής

58 1791 86 1830 1⁵
100 1774 285 1859 ὑπηρεσίας
307 1775 344 1838 τὸ
367 1772 466 1858 τάχος
488 1771 544 1838 καὶ
567 1772 628 1855 τήν
656 1771 796 1856 ὀξύτητα
818 1776 993 1860 κρίναντες
1015 1776 1121 1859 ἄριστ’

102 1875 190 1945 εἶναι
211 1879 389 1962 ἠπείγοντο
408 1884 591 1965 συμβαλεῖν
609 1881 752 1965 Δαυίδη.
794 1880 904 1963 <225>
923 1879 1126 1964 γενομένους

102 1984 134 2052 δ’
161 1986 282 2062 αὐτοὺς
306 1984 369 2050 ἀπὸ
394 1986 540 2051 σταδίων
562 1993 621 2069 τής
641 1987 768 2061 πόλεως
787 1986 848 2049 δύο
868 1989 1018 2052 θεῶνταί
1037 2009 1126 2065 τινες
1160 2053 1166 2064 „

102 2095 228 2176 ἱππεῖς,
255 2090 311 2158 καὶ
335 2093 554 2176 διαβάλλουσι
577 2093 662 2179 πρὸς
683 2093 743 2158 τὸν
763 2089 1002 2178 Ἀβεσάλωμον.
1048 2092 1065 2158 ὃ
1090 2092 1121 2158 δ’

101 2200 208 2277 εὐθὺς
223 2201 345 2284 έπεμψε
359 2201 437 2276 τοὺς
451 2196 734 2285 συλληψομένους.
770 2201 951 2283 νοήσαντες
969 2196 1007 2265 δὲ
1025 2209 1123 2267 τοῦτο

58 2325 86 2362 20
101 2308 138 2372 οί
158 2318 226 2371 τῶν
250 2303 430 2392 ἀρχιερέων
452 2308 580 2390 παῖδες,
603 2304 817 2393 ἐκτραπέντες
838 2315 898 2390 τής
918 2306 1000 2372 ὁδοῦ
1018 2329 1123 2394 παρα-

100 2422 211 2498 χρῆμα
235 2415 283 2490 είς
305 2413 419 2498 κώμην
441 2415 517 2478 τιυά
544 2424 612 2479 τών
631 2412 870 2501 Ἱεροσολύμων
897 2413 958 2480 οὐκ
984 2415 1123 2479 ἀπωθεν

101 2517 242 2595 ἑαυτοὺς
270 2521 399 2585 έδωκαν
427 2518 616 2606 (Βαχουρής
642 2516 686 2604 ήν
713 2523 819 2605 ὄνομα
846 2529 885 2606 νή
913 2517 1035 2607 κώμη),
1063 2544 1122 2603 γυ-

100 2627 217 2702 ναικὸς
240 2622 271 2689 δ’
299 2624 486 2708 ἐδεήθησάν
513 2648 604 2700 τινος
626 2626 751 2710 κρύψαι
777 2622 833 2689 καί
858 2637 1041 2709 παρασχεῖν
1064 2625 1122 2689 αὐ-

99 2743 172 2808 τοῖς
204 2731 265 2814 τήν
298 2731 492 2816 ἀσφάλειαν.
539 2729 657 2814 <226>
685 2729 706 2813 ή
739 2726 776 2795 δὲ
802 2731 1016 2813 καθιμήσασα
1042 2734 1122 2807 τοὺς

58 2854 85 2895 2⁵
99 2841 300 2915 νεανίσκους
323 2841 370 2915 είς
393 2836 517 2924 φρέαρ,
544 2833 599 2900 καί
621 2834 749 2911 πλάκας
771 2836 906 2900 ἀνωθεν
929 2833 1029 2922 ἐρίων
1053 2834 1122 2901 ἐπι-

100 2948 261 3028 βαλοῦσα,
285 2944 329 3020 ώς
347 2938 430 3027 ήκον
448 2945 483 3009 οί
500 2944 676 3019 διώκοντες
699 2941 821 3018 αὐτοὺς
842 2939 991 3028 καὶπερὶ
1010 2941 1122 3009 αὐτῶν

100 3050 281 3136 ἀνέκριναν
301 3052 332 3115 εί
344 3051 514 3133 θεάσαιτο,
535 3051 620 3115 ίδεῖν
635 3046 696 3134 μὲν
709 3049 770 3116 οὐκ
789 3049 966 3136 ήρνήσατο,
983 3050 1121 3127 πιόντας

100 3159 164 3242 γάρ
184 3155 262 3244 παρ’
288 3156 373 3242 αὐτῇ
390 3157 491 3222 πάλιν
515 3157 687 3222 ἀπελθεῖν·
712 3159 743 3222 εί
762 3155 875 3241 μέντοι
895 3180 932 3238 γε
951 3157 1121 3232 συντόνως

100 3263 273 3347 διώξουσι,
298 3265 547 3346 καταλήψεσθαι
570 3265 763 3348 προύλεγεν.
807 3263 916 3346 <227>
941 3263 985 3338 ὡς
1009 3258 1038 3325 δ’
1066 3259 1119 3325 ε’πὶ

58 3387 86 3428 ³0
100 3373 187 3436 πολὺ
207 3369 384 3449 διώξαντες
401 3369 442 3435 οὐ
460 3369 653 3454 κατέλαβον,
672 3368 878 3455 ἀνέστρεψαν
897 3371 944 3445 είς
962 3366 1118 3436 τούπίσω.

174 3497 188 3556 ς
208 3499 260 3546 ωε
281 3519 314 3538 =
334 3499 349 3546 ε
368 3493 437 3562 Reg.
458 3492 592 3546 XVH15.

940 3580 978 3636 ᾖ*
