2400 3840
107 156 175 224 342
480 153 754 208 APmvomz

108 317 170 406 μὶν
194 314 343 402 ἐπιμένοι
370 340 420 392 τις
448 312 484 380 ἐν
511 324 550 401 τῇ
578 316 687 397 πόλει,
714 312 846 388 πάντως
872 310 1048 378 άπολείται
1072 317 1133 376 θα-

108 426 204 516 τέρῳ,
228 424 248 508 ἡ
272 429 356 511 λιμῷ
379 419 585 505 δαπανηθεὶς
607 419 627 503 ἡ
652 420 776 507 σιδήρῳ
797 426 842 505 τῷ
860 429 931 483 τῶν
948 422 1132 504 πολεμίων·

110 537 141 599 εί
163 530 201 597 δὲ
224 530 327 614 φύγοι
345 530 428 615 πρὸς
446 530 524 604 τοὺς
542 530 730 612 πολεμίους,
754 525 970 610 διαδράσεται
992 528 1054 591 τὸν
1071 526 1132 590 θά-

109 662 222 705 νατον.
269 636 387 720 <119>
415 631 470 699 καὶ
498 636 535 699 οὶ
553 629 614 717 μὶν
641 630 715 699 οὐδ’
742 631 779 698 ἐν
801 630 917 708 αὐτοῖς
945 634 1043 709 ὄντες
1065 643 1132 709 τοῖς

111 747 236 822 δεινοῖς
259 743 448 824 ἐπίστευον,
475 741 511 805 οί
530 736 622 805 ταῦτ’
648 738 826 814 άκούοντες
853 747 922 802 τῶν
946 736 1153 821 ἡγεμόνον,ι

111 851 195 916 άλλιὶ
218 848 287 936 μετ’
314 848 416 934 ὀργὴς
437 845 646 929 άπήγγελλον
669 844 826 921 ἐλθόντες
848 844 933 928 πρὸς
954 845 1019 907 τὸν
1041 846 1133 926 βασι-

112 954 171 1021 λέα
197 954 253 1021 καὶ
280 961 541 1037 κατηγοροῦντες
572 963 775 1036 κατῃτιῶντο
804 961 932 1015 κτεῖναι
963 951 1027 1014 τὸν
1054 972 1132 1036 προ-

111 1064 220 1146 φήτην
248 1059 293 1136 ῶς
320 1060 486 1144 μεμηνότα
518 1057 573 1124 καὶ
599 1060 659 1135 τοὶς
689 1058 797 1142 ψυχὰς
824 1057 937 1122 αὐτῶν
968 1079 1132 1143 προκατα-

110 1171 239 1231 κλῶντα
253 1162 308 1230 καὶ
319 1176 392 1243 ταῖς
405 1176 473 1230 τῶν
486 1168 648 1251 χειρόνων
661 1166 890 1247 καταγγελίαις
903 1165 942 1228 τὸ
952 1166 1132 1248 πρόθυμον

111 1269 271 1338 ἐκλύοντα
294 1281 354 1339 τοῦ
377 1274 542 1355 πλήθους·
570 1270 703 1356 ἕτοιμον
730 1271 794 1356 γιὶρ
823 1265 909 1335 εἶναι
938 1269 1022 1335 αὐτὸ
1050 1266 1130 1353 ὑπὲρ
1143 1293 1164 1334 ιι

111 1379 215 1444 αὑτοῦ
233 1377 288 1445 καὶ
302 1389 361 1464 τής
378 1380 537 1467 πατρίδος
554 1378 781 1466 κινδυνεῦσαι,
799 1364 817 1442 δ
837 1373 875 1441 δὲ
887 1373 1033 1462 παρῄνει
1051 1378 1132 1461 πρὸς

110 1488 189 1561 τοὺς
211 1490 391 1570 πολεμίους
413 1487 567 1570 φεύγειν,
595 1484 785 1550 ἁλώσεσθαι
812 1482 919 1567 λέγων
946 1483 1010 1565 τήν
1034 1486 1132 1548 πόλιν

76 1586 166 1654 ικαὶ
193 1590 319 1668 πάντας
346 1591 554 1657 άπολεῖσθαι.
600 1591 719 1673 <120>
747 1586 827 1656 ὁδὶ
851 1591 1009 1674 βασιλεὺς
1034 1589 1132 1664 αὐτὸς

112 1694 174 1782 μὶν
196 1697 261 1762 ὑπὸ
284 1700 504 1784 χρηστότητος
525 1694 580 1762 καὶ
602 1697 816 1778 δικαιοσύνης
838 1691 940 1760 οὐδὶν
960 1694 1032 1782 ίδίηι
1051 1718 1132 1779 παρ-

113 1802 264 1889 ωξύνθη,
292 1806 348 1871 ἵνα
376 1801 413 1870 δὶ
440 1806 484 1891 μὴ
512 1815 582 1880 τοῖς
603 1803 763 1888 ἡγεμόσιν
789 1801 1017 1885 ἀπεχθάνηται
1044 1803 1165 1887 παρὰιι

113 1920 266 1977 τοιοῦτον
284 1914 401 1999 καιρὸν
419 1909 648 1997 ἀντιπράττων
666 1909 777 1974 αὐτῶν
795 1916 834 1993 τη
852 1905 1057 1993 προαιρέσει,
1076 1910 1133 1973 τὸν

112 2019 289 2102 προφήτην
304 2017 426 2103 ἐφῆκεν
440 2018 554 2094 αύτοίς
569 2028 679 2082 ποιεῖν
693 2016 711 2081 ὅ
727 2039 757 2080 ιι
772 2014 814 2080 δὶν
828 2012 984 2079 θέλωσιν.
1021 2014 1132 2095 <121>

113 2125 148 2185 οὶ
169 2121 220 2204 δέ,
243 2121 333 2187 τοῦτ’
360 2122 498 2206 ἐφέντος
525 2123 638 2199 αὐτοῖς
665 2130 725 2185 τοῦ
752 2118 927 2204 βασιλέως,
956 2119 1064 2196 εὐθὺς
1088 2122 1134 2196 είς

111 2225 173 2307 τήν
201 2227 333 2310 είρκτὴν
360 2228 569 2301 εἰσελθόντες
595 2225 650 2290 καὶ
677 2229 927 2312 παραλαβόντες
954 2225 1060 2289 αὐτὸν
1088 2233 1133 2303 είς

111 2353 186 2395 τινα
214 2329 337 2395 λάκκον
364 2332 532 2415 βορβόρου
559 2332 667 2416 πλήρη
695 2335 902 2416 καθίμησαν,
935 2331 1025 2408 ὅπως
1057 2335 1132 2421 ίδίφ
1146 2352 1169 2392 ιο

112 2436 249 2526 θανάτῳ
272 2433 401 2520 πνιγεὶς
424 2436 588 2524 άποθάνη.
629 2436 647 2502 ὅ
672 2434 709 2504 δὶ
732 2441 796 2525 πρὸ
820 2447 880 2504 τοῦ
903 2434 1043 2522 αὐχένος
1067 2439 1132 2504 ὑπὸ

112 2555 172 2610 τοῦ
195 2552 303 2630 πηλοῦ
325 2542 534 2634 περισχεθεὶς
557 2545 594 2612 ἐν
616 2545 748 2624 τούτοις
769 2541 822 2629 ήν.
868 2544 977 2628 <122>
1005 2556 1074 2609 τῶν
1101 2547 1131 2610 δ’

114 2655 252 2722 οἰκετῶν
275 2680 324 2732 τις
346 2664 407 2720 τοῦ
431 2653 592 2740 βασιλέως
619 2654 656 2720 ἐν
683 2663 759 2740 τιμή
782 2651 971 2736 τυγχάνων,
999 2654 1134 2731 Αἰθίοψ

113 2760 150 2824 τὸ
174 2759 285 2843 γένος,
312 2763 349 2826 τὸ
373 2759 449 2847 περὶ
472 2763 531 2826 τὸν
553 2762 729 2847 προφήτην
754 2758 863 2834 πάθος
886 2756 1065 2841 ἀπήγγειλε
1087 2769 1133 2847 τῶ

114 2869 258 2950 βασιλεῖ,
291 2867 429 2950 φάσκων
456 2867 518 2932 ούκ
546 2867 658 2952 ὀρθῶς
684 2874 787 2930 ταῦτα
818 2866 896 2940 τοὺς
927 2867 1050 2947 φίλους
1077 2864 1169 2931 καὶαι

112 2974 192 3048 τοὺς
208 2972 373 3056 ἡγεμόνας
391 2970 495 3037 αὐτοῦ
515 2970 739 3055 πεποιηκέναι,
761 2974 1066 3049 καταποντίσαντας
1085 2975 1133 3049 είς

113 3078 281 3163 βόρβορον
304 3078 363 3140 τὸν
385 3078 561 3161 προφήτην
584 3073 638 3140 καὶ
662 3087 723 3141 τοῦ
747 3078 803 3141 διδι
825 3089 893 3143 τῶν
916 3078 1049 3161 δεσμῶν
1070 3080 1133 3144 θά-

113 3206 216 3247 νατον
243 3183 440 3266 πικρότερον
468 3181 573 3258 ούτῶς
601 3179 759 3264 ἐσόμενον
791 3181 1031 3266 ἐπινοήσαντας
1058 3182 1130 3249 κατ’

113 3287 226 3353 αὐτοῦ.
273 3286 381 3370 <123>
404 3284 496 3350 ταῦτ’
523 3286 666 3362 άκούσας
689 3286 707 3351 δ
731 3290 886 3369 βασιλεὺς
913 3286 968 3352 καὶ
994 3313 1133 3371 μετανο-

113 3394 195 3473 ήσας
219 3390 271 3456 ἐπὶ
294 3400 339 3478 τῷ
361 3392 571 3476 παραδοῦναι
593 3392 652 3456 τὸν
670 3392 845 3476 προφήτην
868 3403 939 3469 τοῖς
961 3393 1132 3478 ἡγεμόσιν,
1145 3413 1170 3453 ³⁰

178 3512 425 3584 §malorem
441 3512 516 3570 XLV
530 3520 555 3569 2.
