2400 3840
117 157 181 222 288
486 155 759 207 ΑΡΧιιοΛοΓιΑΣ

118 316 154 384 δέ
178 329 224 407 τῷ
247 324 400 406 πενθερῷ
422 320 626 401 βουλόμενος
646 317 849 400 χαρίσασθαι
865 310 1055 400 Ἰθωβάλφ,
1084 315 1141 376 Τυ-

119 429 201 510 ρίων
229 426 300 490 ὄντι
328 427 460 506 βασιλεῖ
484 420 539 487 καὶ
563 422 757 502 Σιδωνίων,
784 422 867 484 ναόν
894 416 925 482 τ’
953 418 1047 507 αὐτῷ
1071 443 1141 483 κατ-

119 532 295 595 εσκεύασεν
318 527 355 594 έν
374 533 546 615 Σαμαρείᾳ
568 525 623 592 καὶ
644 527 817 612 προφήτας
836 523 989 602 ἀπέδειξε
1009 523 1067 590 καὶ
1087 526 1142 590 πά-

120 654 179 720 σης
202 639 381 721 θρησκείας
404 634 508 718 ἠξίου.
553 634 662 718 <139>
686 629 936 715 ἀφανισθέντος
960 628 998 696 δέ
1023 633 1143 697 τούτου

119 753 179 808 τοῦ
202 749 287 807 θεοῦ
310 744 368 820 τὰς
390 750 515 827 χρυσᾶς
538 741 695 825 δαμάλεις
720 749 924 825 προσκυνεῖν
947 749 1022 814 τοῖς
1043 735 1163 824 Ἰσραι

120 853 247 931 ηλίταις
267 845 373 930 Ἰηοῦς
400 845 565 929 ἐπέτρεψε.
610 855 714 910 ταῦτα
742 841 779 909 δέ
807 841 1068 933 διαπραξαμένῳ
1092 844 1143 908 καὶ

120 954 343 1037 προνοήσαντι
367 963 425 1035 τῆς
447 953 613 1030 κολάσεως
630 965 699 1018 τῶν
718 952 847 1034 ἀσεβῶν
868 951 886 1016 ὁ
905 952 990 1028 θεὸς
1009 951 1070 1015 διὰ
1087 960 1143 1015 τοῦ

121 1061 294 1142 προφήτου
322 1071 480 1144 προεῖπεν
508 1057 561 1125 ἐπὶ
588 1057 744 1144 τέτταρας
771 1058 886 1138 γενεάς
912 1059 996 1134 τοὺς
1023 1058 1143 1134 παῖδας

121 1164 224 1229 αὐτοῦ
248 1167 459 1248 βασιλεύσειν
481 1178 549 1230 τῶν
569 1164 789 1251 Ἰσραηλιτῶν.

83 1275 100 1338 7
187 1268 242 1336 καὶ
270 1273 309 1337 τδι
337 1269 399 1357 μὲν
421 1270 496 1358 περὶ
517 1270 626 1356 Ἰηοῦν
649 1271 686 1337 ἐν
707 1271 838 1347 τούτοις
860 1270 1003 1355 ὑπῆρχε·
1035 1272 1171 1354 <140>10

124 1381 272 1445 Γοθολία
300 1376 330 1443 δ’
356 1378 377 1462 ἡ
399 1376 538 1462 Ἀχάβου
561 1378 714 1462 θυγάτηρ
741 1376 911 1442 ἀκούσασα
938 1377 1003 1458 την
1026 1375 1058 1441 τ’
1082 1375 1142 1441 Ἰω-

123 1486 231 1569 ράμου
254 1484 421 1569 τάδελφοῦ
445 1484 602 1566 τελευτὴν
628 1481 683 1548 καὶ
706 1484 767 1565 τὴν
787 1480 911 1566 Ὀχοζία
938 1491 1003 1547 τοῦ
1026 1485 1143 1569 παιδὸς

122 1587 176 1652 καὶ
196 1599 255 1654 τοῦ
275 1589 394 1672 γένους
412 1601 479 1656 τῶν
498 1588 663 1673 βασιλέων
680 1589 741 1672 τὴν
760 1587 937 1671 ἀπώλειαν,
962 1587 1142 1668 ἐσπούδαζε

123 1693 248 1780 μηδένα
272 1706 339 1761 τῶν
363 1694 398 1760 ἐκ
416 1706 476 1762 τοῦ
495 1697 649 1761 Δαυίδου
670 1700 863 1760 καταλιπεῖν
886 1699 995 1776 οῖ’κου,
1020 1705 1091 1760 πᾶν
1113 1693 1140 1760 δ’

124 1800 318 1887 ἐξαφανίσαι
346 1804 383 1868 τὸ
411 1801 523 1886 γένος,
550 1803 595 1879 ὡς
618 1801 660 1867 άν
687 1798 763 1886 μηδ’
790 1793 837 1878 εἷς
860 1799 892 1878 ἐξ
921 1800 1028 1865 αὐτοῦ
1051 1806 1142 1885 βασι·
1154 1816 1172 1856 1⁵

125 1912 201 1986 λεὺς
224 1912 271 1975 ἔτι
295 1908 434 1993 γένοιτο.
480 1910 589 1992 <141>
611 1907 666 1973 καὶ
694 1905 791 1972 τοῦθ’
818 1908 862 1984 ὡς
885 1903 947 1990 μὲν
970 1905 1055 1993 ᾤετο
1080 1910 1143 1973 διε-

124 2015 279 2098 πράξατο,
299 2017 445 2098 διεσώθη
461 2014 491 2080 δ’
509 2007 557 2092 εἷς
574 2017 648 2092 υίὸς
660 2013 791 2099 Ὀχοζία.
824 2017 933 2100 τρόπῳ
949 2008 987 2077 δὲ
1002 2016 1142 2102 τοιούτω

125 2121 186 2201 τὴν
204 2122 360 2203 τελευτὴν
378 2121 547 2205 διέφυγεν.
584 2116 626 2203 ἦν
642 2119 766 2206 Ὀχοζίᾳ
785 2119 984 2204 ὁμοπάτριος
1003 2119 1143 2203 ἀδελφή,

123 2221 301 2306 Ἰωσαβεθη
330 2228 447 2308 ὄνομα·
480 2228 582 2310 ταύτη
615 2237 722 2310 συνῆν
754 2226 772 2292 δ
804 2225 976 2310 ἀρχιερεὺς
1001 2223 1143 2301 Ἰώαδος.

126 2329 242 2411 (142)
272 2331 470 2394 εἰσελθοῦσα
494 2329 524 2393 δ’
551 2334 599 2406 είς
626 2333 663 2395 τὸ
687 2336 870 2415 βασίλειον,
898 2331 961 2395 κάν
988 2343 1062 2408 τοῖς
1084 2332 1179 2397 οἰκ-Ξ0

126 2432 347 2518 εσφαγμένοις
369 2438 428 2501 τὸν
445 2434 579 2502 Ἰώασον
604 2434 716 2519 (τοῦτο
735 2440 798 2520 γάρ
817 2439 1083 2523 προσηγορεύετο
1107 2442 1143 2504 τὸ

125 2540 275 2630 παιδίον)
304 2541 474 2609 ἐνιαύσιον
504 2542 768 2629 ἐγκεκρυμμένον
797 2545 941 2630 εὑροῦσα
974 2547 1055 2628 μετὰ
1087 2555 1144 2626 τῆς

126 2652 321 2736 τρεφούσης,
345 2653 534 2736 βαστάσασα
557 2651 626 2738 μετ’
648 2653 749 2737 αὐτῆς
772 2654 820 2728 είς
842 2653 879 2717 τὸ
903 2663 1054 2735 ταμιεῖον
1077 2663 1144 2715 τῶν

126 2764 250 2824 κλινῶν
273 2759 454 2844 ἀπέκλεισε,
477 2759 531 2825 καὶ
551 2760 776 2834 λανθάνοντες
794 2756 987 2840 άνέθρεύαν
1006 2756 1090 2838 αὐτή
1110 2779 1143 2820 τε

126 2863 181 2927 καὶ
196 2865 280 2951 άνηρ
295 2867 396 2949 αὐτῆς
411 2865 543 2943 Ἰώδαος
562 2867 598 2931 έν
614 2877 660 2953 τςῦ
680 2868 757 2953 ἱερῷ
776 2867 882 2929 ἔτεσιν
900 2862 945 2945 έξ,
964 2853 1015 2938 οἷς
1034 2860 1144 2946 έβασί-
1158 2876 1180 2915 2⁵

127 2975 223 3034 λευσε
242 2973 391 3035 Γοθολία
415 2983 482 3037 τῶν
500 2971 738 3057 Ἱεροσολύμων
760 2969 815 3036 καὶ
838 2978 906 3034 τῶν
929 2968 991 3033 δύο
1015 2973 1144 3052 φυλῶν.

92 3076 245 3159 2<143>
270 3087 315 3164 τῷ
343 3075 374 3140 δ’
401 3075 529 3165 ἑβδόμῳ
558 3078 877 3162 κοινολογησάμενός
903 3092 991 3140 τισιν
1012 3071 1146 3150 Ἰωδαος

127 3179 224 3246 πέντε
252 3183 311 3246 τὸν
334 3181 481 3266 ἀριθμὸν
505 3180 769 3269 ἑκατοντάρχοις,
797 3180 852 3248 καλ
879 3185 995 3258 πείσας
1022 3180 1146 3257 αὐτοὺς

129 3286 371 3352 συνεπιθέσθαι
399 3285 459 3371 μὲν
487 3301 557 3366 τοῖς
583 3291 665 3355 κατά
691 3299 750 3374 τῆς
778 3292 945 3365 Γοθολίας
977 3285 1146 3372 ἐγχειρου-

128 3391 240 3474 μένοις
262 3394 323 3476 την
346 3391 382 3458 δὲ
406 3398 577 3477 βασιλείαν
599 3405 645 3484 τῷ
668 3394 761 3461 παιδὶ
784 3403 1007 3479 περιποιῆσαι,
1030 3394 1146 3475 λαβὼν
1160 3407 1183 3446 3⁰

199 3518 214 3577 ὃ
225 3519 273 3567 139
282 3539 315 3559 =
325 3521 340 3568 4
349 3515 417 3584 Reg.
426 3517 501 3571 x2ss.
574 3516 839 3586 ΙθΙίΟ-λΙῖοςᾶίΙ
850 3526 875 3584 13
888 3514 1002 3570 2Pa1·al.
1012 3513 1091 3567 XXII
1103 3521 1143 3567 10.
