2400 3840
117 143 179 207 128
485 140 759 192 APmOAomz

114 305 218 369 αὐτὸν
241 313 299 386 τῆς
321 304 423 389 ὀργῆς
442 300 565 386 ἐπέσχε.
612 301 720 384 <2Ο9>
744 299 799 384 “μη
822 311 892 375 τοῖς
910 307 1058 385 παροῦσι
1082 322 1137 362 κα-

115 423 187 488 κοῖς
206 408 321 495 ἑτέραν
335 406 686 494 προσεξεργασώμεθα
706 409 791 488 φησί
804 403 1012 489 καινοτέραν
1031 404 1137 490 ἀφορ-

117 519 195 601 μήν·
221 517 262 582 οὐ
284 518 348 602 γάρ
372 517 413 599 δη
436 523 497 581 τοῦ
520 515 792 599 προσλυττῶντός
814 534 871 595 μοι
893 511 1016 575 τούτου
1034 513 1138 586 κυνὸς

115 624 218 700 αἰδώς
245 647 295 700 τις
318 621 338 705 ἢ
367 619 506 707 φροντὶς
535 619 719 705 ἐπέρχεται,
746 627 792 705 τῷ
819 625 889 705 θεῷ
913 615 943 681 δ’
970 622 1066 700 εἴκω,
1092 611 1134 680 δι’

115 729 157 795 ὃν
189 724 287 805 οὗτος
314 726 368 811 ἐφ’
397 727 482 810 ἡμᾶς
514 726 694 807 ἀπενοήθη.
745 725 942 806 θαυμαστὸν
972 721 1004 786 δ’
1035 719 1160 787 οὐδδνῡ

116 837 181 902 ὑπὸ
215 836 335 900 τούτου
366 857 406 917 με
433 842 536 897 ταῦτα
567 831 721 915 πάσχειν,
753 831 837 895 ὅπου
869 853 907 912 γε
933 828 989 894 καὶ
1017 830 1137 904 παιδὸς

116 942 258 1025 ἀσεβοῦς
280 943 487 1024 πεπείραμαι.
533 935 605 1003 ἀλλ’
632 939 722 1002 ἔσται
745 961 796 1013 τις
819 943 899 1014 ἴσως
924 931 1034 1013 οἶκτος
1057 936 1137 1020 ἡμῖν

117 1046 153 1111 ἐκ
175 1055 235 1111 τοῦ
258 1052 353 1128 θεοῦ,
375 1042 431 1109 καὶ
454 1045 659 1129 κρατήσομεν
686 1055 754 1108 τῶν
778 1042 910 1129 ε’χδρῦν
932 1043 1056 1107 τούτου
1081 1050 1137 1108 θε-

117 1151 299 1233 λήσαντος]
346 1150 454 1233 <210>
477 1151 581 1233 ἤνυεν
604 1144 666 1214 οὖν
688 1149 750 1231 τὴν
778 1149 859 1214 ὁδὸν
884 1149 925 1213 οὐ
948 1153 1136 1233 φροντίζων

116 1266 177 1322 τοῦ
191 1255 311 1340 Σεμεεὶ
324 1258 414 1342 παρὰ
429 1257 574 1341 θάτερον
592 1253 692 1340 μέρος
709 1264 770 1319 τοῦ
789 1258 889 1338 όρους
906 1254 1137 1339 διατρέχοντος
1149 1269 1169 1308 1⁰

117 1361 302 1430 καὶπολλὰ
328 1370 602 1447 κακηγοροῦντος.
647 1364 915 1447 παραγενόμενος
942 1359 973 1424 δ’
1000 1360 1054 1426 ἐπὶ
1077 1364 1136 1426 τὸν

115 1468 286 1556 Ἰορδάνην
322 1468 528 1552 ἀνελάμβανε
560 1470 638 1543 τοὺς
671 1469 779 1544 ἰδίους
812 1467 960 1532 ἐνταῦθα
992 1491 1136 1534 κεκοπω-

117 1573 247 1658 μένους.

82 1696 99 1745 σ
184 1681 294 1764 <211>
319 1678 549 1767 Ἀβεσαλώμου
578 1677 615 1746 δὲ
642 1678 697 1745 καὶ
722 1678 935 1765 Ἀχιτοφέλου
965 1690 1026 1745 τοῦ
1056 1697 1135 1765 συμ-

118 1789 243 1872 βούλου
262 1787 540 1875 παραγενομένων
563 1788 611 1863 είς
625 1784 836 1872 Ἱεροσόλυμα
860 1789 923 1851 σὺν
946 1787 1068 1852 ἅπαντι
1091 1797 1135 1874 τῷ
1148 1801 1170 1838 1⁵

117 1900 198 1984 λαῷ,
220 1892 275 1960 καὶ
298 1895 316 1961 ό
335 1896 490 1961 Δαυίδου
509 1896 607 1978 φίλος
624 1887 683 1975 ἧκε
701 1894 784 1978 πρὸς
801 1891 934 1976 αὐτούς,
956 1891 1011 1957 καὶ
1034 1909 1135 1980 προσ-

117 2003 263 2083 κυνήσας
286 2002 389 2068 αὐτὸν
411 2001 593 2084 συνηύχετο
612 1999 673 2082 την
691 2001 863 2083 βασιλείαν
887 2001 934 2076 είς
953 2001 1059 2064 αίῦνα
1081 1999 1136 2064 καὶ

116 2108 177 2170 τὸν
200 2109 328 2172 ἅπαντα
351 2119 551 2193 παραμεῖναι
573 2107 705 2191 χρόνον.
752 2108 921 2188 φήσαντος
949 2103 979 2169 δ’
1006 2105 1135 2172 ἐκείνου

117 2212 201 2293 πρὸς
227 2211 344 2293 αὐτόν,
372 2215 407 2275 τί
432 2213 473 2293 δή
500 2233 594 2293 ποτε,
616 2207 720 2297 ξφίλος
748 2209 784 2275 ἐν
811 2223 881 2289 τοῦς
909 2211 1049 2295 μάλιστα
1075 2223 1135 2277 τοῦ

116 2316 241 2399 πατρὸς
273 2314 376 2379 αὐτοῦ
408 2314 627 2399 γεγενημένος
657 2313 712 2380 καὶ
745 2319 828 2400 πρὸς
861 2319 989 2383 ἅπαντα
1021 2321 1137 2396 πιστὸς
1150 2330 1173 2370 2⁰

118 2414 204 2484 ειναι
228 2418 336 2503 δόξας,
359 2421 400 2485 οὐ
424 2423 487 2485 σὺν
510 2419 598 2509 αὐτῷ
621 2429 685 2485 νῦν
709 2418 814 2505 ἐστίν,
839 2422 922 2488 ἀλλὰ
945 2428 1136 2490 καταλιπὼν

119 2524 247 2592 ἐκεῖνον
270 2530 428 2612 μεταβαίη
452 2530 535 2615 πρὸς
557 2526 675 2612 αὐτόν,
703 2526 862 2606 δεξιῦς’
844 2532 1057 2614 αποκρίνεται
1081 2531 1137 2596 καὶ

118 2635 311 2719 σωφρόνως.
353 2631 512 2720 <212>ἷ
481 2657 550 2701 επε
573 2636 636 2722 γάρ
659 2635 799 2702 ἕπεσθαι
823 2636 894 2700 δεῖν
917 2644 962 2699 τῦ
987 2642 1059 2725 θεῷ
1081 2636 1136 2702 και

118 2738 217 2805 παντὶ
244 2750 290 2829 τῷ
317 2743 449 2825 πλήθει.
499 2743 637 2807 τούτων
668 2737 730 2807 οὖν
761 2743 841 2826 μετὰ
872 2751 947 2824 σοῦ,
982 2741 1137 2828 δέσποτα,

119 2806 358 2931 γεγενημένων,
381 2850 515 2925 είκότως
537 2847 655 2932 ἕπομαι
673 2847 776 2929 κάγώ·
799 2847 861 2930 τὴν
880 2849 943 2934 γάρ
963 2852 1137 2932 βασιλείαν
1151 2863 1175 2904 25

120 2955 235 3036 έλαβες
260 2954 349 3037 παρά
376 2963 436 3017 τοῦ
463 2960 556 3018 θεοῦ.
602 2953 663 3035 την
690 2952 794 3034 αὐτὴν
821 2952 934 3037 μέντοι
963 2978 1000 3036 γε
1023 2960 1152 3022 πίστιν

118 3055 226 3122 καὶ’
198 3059 334 3122 εῦνοιαν
357 3055 557 3142 ἐνδείξομαι,
584 3055 875 3142 πιστευόμενος
844 3083 928 3125 ειναι
953 3062 1105 3145 φίλος,
1094 3065 1136 3145 ην

80 3204 82 3209 -
119 3160 221 3228 οἶσθά
243 3187 283 3248 με
308 3172 351 3251 τῷ
374 3167 476 3249 πατρί
497 3180 559 3228 σου
576 3163 833 3297 παρεσχημένρν.
880 3165 1133 3248 ἀγανακτεινδ’

120 3266 221 3335 οὐδὲν
243 3279 387 3357 προσηκε
407 3281 476 3347 τοῖς
494 3278 670 3356 παροῦσιν
695 3269 736 3334 οὐ
754 3272 817 3357 γάρ
837 3274 884 3348 εἰς
902 3274 1006 3356 άλλην
1026 3278 1136 3340 οἰκίαν

118 3373 139 3456 η
168 3378 318 3457 βασιλεία
349 3375 562 3462 μεταβέβηκε,
595 3374 756 3462 μεμένηκε
788 3375 817 3441 δ’
849 3376 902 3443 ἐπὶ
934 3388 992 3463 τῆς
1024 3382 1135 3466 αὐτῆς,
1150 3398 1176 3437 ³0

191 3498 591 3567 §209=2Reg.XV110.
