2400 3840
506 142 631 194 οΓΔοΗ
1011 142 1074 206 257

54 300 226 386 Ἀχάμωνα
257 303 317 365 τὸν
346 310 405 384 τῆς
432 303 559 378 πόλεως
585 304 743 387 ἀρχοντα,
775 300 830 366 καὶ
857 310 1075 388 χορηγεῖσθαι
1142 351 1152 367 .

56 405 161 493 μηδὲν
184 410 288 489 ἀρτου
310 405 366 472 καὶ
388 408 511 484 ὕδατος
534 407 622 495 αὐτῷ
645 410 885 494 περιττότερον.

125 515 234 597 <411>
252 511 307 578 καὶ
322 512 465 597 ’Ἁχαβος
483 510 545 598 μὲν
562 512 617 579 καὶ
637 512 837 599 Ἰωσάφατος
855 515 873 580 6
892 524 960 579 τῶν
979 512 1076 599 Ἱερο-
1095 535 1111 586 5

55 621 213 703 σολύμων
246 622 402 703 βασιλεὺς
428 619 651 704 ἀναλαβόντες
677 620 736 696 τάς
764 621 922 705 δυνάμεις
948 621 1076 703 ἤλασαν

24 729 105 804 εείς
125 724 319 811 Ἀραμαθάν
341 728 441 791 πόλιν
463 735 520 810 τῆς
541 727 793 803 Γαλααδίτιδος·
818 727 836 792 6
860 723 898 792 δὲ
919 738 987 793 τῶν
1007 728 1075 792 Σύ-

57 858 128 919 ρων
155 834 311 916 βασιλεὺς
339 831 483 908 ἀκούσας
510 831 621 896 αὐτῶν
647 832 709 915 την
736 836 910 917 στρατείαν
938 832 1076 917 ἀντεπή-

55 963 160 1022 γαγεν
183 939 297 1014 αὐτοῖς
315 938 377 1020 τὴν
395 938 499 1003 αὑτοῦ
519 937 688 1023 στρατιάν,
710 936 765 1003 καὶ
784 939 845 1004 ούκ
863 941 1000 1004 ἀπωθεν
1018 948 1076 1023 τῆς

53 1043 246 1130 Ἀραμάθης
270 1044 571 1128 στρατοπεδεύεται.
608 1043 719 1126 <412>
742 1043 925 1110 συνέθεντο
949 1042 986 1110 δὲ
1005 1046 1023 1111 ὅ
1041 1069 1077 1112 τε

46 1149 192 1234 ’Ἄχαβος
215 1147 271 1214 καὶ
292 1147 492 1232 Ἰωσάφατος
512 1147 704 1216 ἀποθέσθαι
721 1146 784 1234 μὲν
801 1153 861 1216 τὸν
874 1150 1020 1237 ’Ἁχαβον
1039 1155 1076 1219 τὸ

10 1278 41 1317 10
56 1257 232 1341 βασιλικὸν
251 1264 369 1340 σχῆμα,
390 1257 449 1320 τὸν
468 1252 506 1320 δὲ
523 1267 592 1321 τῶν
606 1254 844 1342 Ἱεροσολύμων
862 1257 1000 1341 βασιλέα
1015 1261 1077 1342 τὴν

58 1363 163 1427 αὐτοῦ
191 1363 313 1445 στολὴν
341 1364 457 1446 έχοντα
485 1371 603 1445 στῆναι
631 1361 667 1427 έν
693 1372 733 1448 τῇ
760 1363 952 1449 παρατάξει,
979 1388 1076 1428 κατα-

58 1471 271 1553 σοφιζόμενοι
289 1470 330 1533 τά
348 1469 414 1534 ὑπὸ
432 1477 494 1533 τοῦ
510 1472 661 1553 Μιχαίου
679 1468 911 1556 προειρημένα.
942 1465 1023 1555 ηὗρε
1042 1469 1072 1535 δ’

57 1575 162 1639 αὐτὸν
184 1577 222 1639 τὸ
245 1576 352 1660 χρεὼν
374 1572 430 1640 καὶ
453 1574 529 1658 δίχα
551 1583 612 1638 τοῦ
635 1576 807 1658 σχήματος.
844 1575 954 1659 <413>
979 1573 1077 1661 ὁμὲν
1169 1574 1176 1585 ’

56 1683 122 1767 γάρ
132 1680 276 1758 ’Ἁδαδος
291 1682 309 1747 6
324 1692 392 1746 τών
405 1681 530 1765 Σύρων
544 1683 700 1764 βασιλεὺς
712 1682 912 1766 παρήγγειλε
924 1692 964 1767 τῇ
979 1700 1077 1767 στρα-

10 1807 40 1848 15
56 1797 113 1873 τιᾷ
146 1789 202 1852 διὰ
233 1798 301 1852 τών
328 1785 502 1870 ἡγεμόνων
528 1784 654 1869 μηδένα
681 1797 749 1852 τών
776 1787 887 1851 ἀλλων
915 1786 1076 1873 ἀναιρεῖν,

57 1897 164 1979 μόνον
192 1889 230 1958 δὲ
257 1894 317 1958 τὸν
343 1890 481 1976 βασιλέα
506 1902 575 1957 τῶν
599 1889 822 1977 Ἰσραηλιτῶν·
851 1892 886 1957 οί
907 1889 945 1956 δὲ
967 1894 1076 1979 Σύροι

56 2009 117 2083 τῆς
135 2003 304 2084 συμβολῆς
321 1997 502 2082 γενομένης
519 1999 647 2075 ἰδόντες
659 2000 720 2063 τὸν
734 1995 938 2088 Ἰωσάφατον
952 1996 1076 2064 έστώτα

55 2107 122 2191 πρὸ
146 2112 204 2189 τῆς
226 2102 357 2187 τάξεως,
380 2101 436 2169 καὶ
454 2113 574 2169 τοῦτον
593 2102 782 2180 είκάσαντες
800 2097 888 2169 εἶναι
905 2105 965 2168 τὸν
977 2103 1076 2191 ’Ἁχα-

55 2215 132 2294 βου,
151 2211 309 2296 ὥρμησαν
328 2207 378 2275 ἐπ’
400 2211 513 2296 αὐτόν,
531 2207 587 2276 καλ
605 2210 941 2295 περικυκλωσάμενοι,
965 2211 1075 2296 <414>

10 2337 39 2377 ιο
56 2317 103 2393 ὡς
127 2315 225 2398 ε’γγὺς
248 2320 342 2394 ὄντες
361 2320 511 2399 ἔγνωσαν
529 2316 591 2383 οὐκ
609 2319 690 2383 ὄντα
707 2326 839 2402 τοῦτον,
862 2317 1076 2405 ἀνεχώρησαν

56 2423 163 2488 ὀπίσω
182 2423 312 2500 πάντες.
345 2421 400 2488 ἀπ’
419 2423 603 2510 ἀρχομένης
621 2423 651 2490 δ’
667 2424 749 2508 ἠοῦς
762 2426 839 2510 ἀχρι
854 2426 965 2510 δείλης
978 2426 1077 2505 ὀψίας

56 2531 239 2614 μαχόμενοι
265 2527 320 2594 καὶ
348 2540 506 2606 νικῶντες
533 2527 729 2595 ἀπέκτειναν
757 2529 879 2595 οὐδένα
905 2533 988 2595 κατά
1014 2532 1076 2615 τὴν

55 2644 118 2699 τοῦ
141 2634 303 2718 βασιλέως
326 2634 479 2718 ἐντολήν,
504 2638 676 2718 ζητοῦντες
697 2637 757 2700 τὸν
774 2632 921 2718 ’Ἁχαβον
944 2635 1076 2700 ἀνελεῖν

56 2744 164 2825 μόνον
186 2739 242 2806 καὶ
265 2742 377 2827 εὑρεῖν
399 2740 441 2806 οὐ
460 2740 650 2824 δυνάμενοι.
686 2752 764 2817 παῖς
783 2738 823 2805 δέ
838 2762 889 2816 τις
906 2743 1076 2824 βασιλικὸς

11 2865 39 2906 25
55 2857 118 2912 τοῦ
139 2844 296 2931 Ἀδάδου,
319 2846 465 2932 ’Ἁμανος
488 2850 608 2931 ὄνομα,
630 2844 787 2924 τοξεύσας
810 2849 858 2922 είς
879 2848 958 2923 τοὺς
979 2851 1076 2911 πολε-

55 2956 155 3037 μίους
173 2955 347 3038 τιτρώσκει
364 2955 425 3018 τὸν
443 2950 580 3038 βασιλέα
599 2953 655 3018 διά
673 2961 734 3017 τού
751 2947 905 3039 θώρακος
919 2954 1001 3018 κατά
1015 2963 1075 3018 τοῦ

54 3059 253 3143 πνεύμονος.
294 3059 404 3144 <415>
419 3058 563 3144 ’Ἁχαβος
581 3055 619 3126 δὲ
640 3059 678 3125 τὸ
701 3055 762 3144 μὲν
786 3060 992 3143 συμβεβηκὸς
1015 3059 1076 3124 οὐκ

55 3168 143 3246 ἔγνω
162 3175 299 3248 ποιησαι
317 3175 363 3253 τῷ
384 3167 602 3251 στρατεύματι
621 3168 778 3252 φανερόν,
802 3166 845 3250 μὴ
864 3168 1076 3252 τραπείησαν,

55 3273 117 3335 τὸν
141 3269 172 3334 δ’
193 3271 332 3355 ἡνίοχον
355 3269 526 3337 ἐκέλευσεν
550 3269 773 3358 έκστρέψαντα
795 3272 832 3335 τὸ
857 3271 944 3356 ἀρμα
963 3270 1076 3355 ἐξαγα-

14 3395 41 3434 30
55 3388 131 3458 γεῖν
153 3385 212 3460 τῆς
235 3377 352 3462 μάχης·
385 3383 535 3461 χαλεπώς
556 3379 620 3463 γάρ
644 3383 830 3461 βεβλῆσθαι
852 3375 907 3442 καὶ
929 3382 1076 3464 καιρίως.

131 3503 213 3562 §411
235 3523 269 3542 =
288 3499 388 3567 3Reg.
407 3499 485 3554 XXH
499 3505 546 3567 293
566 3499 690 3555 2Paral.
708 3499 867 3555 Nm&

110 3597 237 3637 Ιοειειῑοε.
256 3597 287 3637 Π.
907 3591 944 3641 Ἣ

1168 3627 1191 3750 λ
