2400 3840
554 145 677 197 ENATH
738 195 740 198 Α
1056 144 1120 207 311

100 306 285 387 Δαμασκὸν
312 301 480 392 κατῴκισε.
527 305 646 387 <254>
673 304 735 386 τήν
763 301 799 368 δὲ
822 315 890 368 τῶν
910 303 1122 391 Ἰσραηλιτῶν

99 419 168 492 γῆν
190 411 340 486 κακώσας
362 413 506 486 πολλοὺς
529 409 562 489 ἐξ
581 410 684 494 αὐτῆς
702 410 929 495 αἰχμαλώτους
950 409 1120 494 συνέλαβε.

99 514 195 580 ταῦτ’
222 516 325 582 αὐτοῦ
349 514 616 603 διαπραξαμένου
641 520 720 593 τοὺς
743 517 892 603 Σύρους,
920 516 938 582 δ
967 521 1122 600 βασιλεὺς

96 621 233 706 Ἀχάζης
260 624 342 708 άρας
368 624 428 687 τὸν
450 624 576 707 χρυσὸν
605 623 681 700 ὅσος
708 617 751 705 ἦν
779 623 816 688 έν
842 633 912 700 τοϊς
937 626 1121 707 βασιλικοῖς

61 736 299 815 σθησαυροίς,
321 725 377 793 καὶ
399 730 459 794 τὸν
482 730 631 816 ἄργυρον
653 733 713 796 τὸν
736 729 773 795 έν
795 738 841 818 τῷ
859 738 928 818 ναῷ
947 737 1007 794 τοῦ
1025 735 1120 813 θεοῦ,

98 832 157 899 καὶ
189 841 222 898 εί
246 858 278 899 τι
308 835 485 901 κάλλιστον
515 835 687 920 ἀνάθημα,
719 846 817 902 τοῦτο
848 835 1013 920 βαστάσας
1041 830 1121 918 ήκεν

100 944 188 1027 ἔχων
212 943 259 1017 είς
277 943 459 1025 Δαμασκὸν
481 938 537 1005 καὶ
560 943 662 1007 ε”δωκε
679 952 725 1031 τῷ
743 953 811 1008 τῶν
826 941 1009 1028 Ἀσσυρίων
1027 945 1121 1026 βασι-

100 1053 156 1111 λεῖ
176 1049 257 1111 κατὰ
280 1048 339 1124 τάς
362 1047 550 1131 ὁμολογίας,
573 1045 629 1113 καὶ
651 1049 785 1114 πάντων
808 1049 897 1138 αύτῷ
915 1049 1014 1134 χάριν
1033 1051 1121 1132 ἔχειν

101 1151 310 1234 ὁμολογήσας
331 1150 537 1239 ὑπέστρεψεν
559 1155 608 1229 είς
626 1151 846 1240 Ἱεροσόλυμα.
888 1156 998 1239 <255>
1020 1149 1063 1237 ἦν
1087 1151 1118 1219 δ’

54 1280 81 1319 ιο
99 1256 208 1335 οὕτως
222 1257 362 1342 ἀνόητος
375 1257 431 1324 καὶ
444 1269 505 1325 τοῦ
519 1259 749 1347 συμφέροντος
767 1260 1005 1343 ἀσυλλόγιστος
1023 1255 1120 1337 οὗτος

99 1365 117 1429 ὁ
148 1368 303 1448 βασιλεὺς
331 1364 405 1430 ὥστ’
434 1364 513 1453 οὐδὲ
532 1365 786 1452 Ιπολεμούμενος
812 1367 877 1432 ὑπὸ
905 1377 973 1432 τῶν
996 1367 1120 1447 Σύρων

99 1470 266 1535 ἐπαύσατο
290 1475 368 1549 τοὺς
389 1474 493 1550 θεοὺς
515 1473 626 1538 αὐτῶν
647 1484 856 1560 προσκυνῶν,
880 1471 962 1537 ἀλλὰ
982 1469 1120 1536 διετέλει

98 1577 240 1652 τούτους
267 1580 445 1661 σεβόμενος
470 1579 515 1655 ώς
541 1578 785 1666 παρεξομένους
812 1579 900 1667 αύτῷ
928 1578 990 1661 τήν
1012 1580 1119 1660 νίκην.

98 1681 210 1765 <256>
233 1680 388 1766 ἡττηθεὶς
411 1680 448 1748 δὲ
465 1685 567 1750 πάλιν
584 1689 663 1762 τοὺς
677 1683 862 1771 Ἀσσυρίων
880 1685 1000 1772 ήρξατο
1019 1692 1119 1767 τιμᾶν

54 1808 82 1849 15
98 1789 218 1872 θεούς,
246 1788 300 1854 καὶ
327 1791 453 1869 πάντας
481 1789 573 1879 έφίκει
601 1797 728 1875 μᾶλλον
755 1792 902 1874 τιμήσων
927 1789 947 1872 ή
970 1793 1029 1854 τὸν
1058 1788 1119 1852 πά-

99 1918 196 1979 τριον
218 1892 273 1959 καὶ
292 1895 427 1978 ἀληθῶς
445 1899 539 1980 θεόν,
563 1896 599 1973 ὃς
618 1896 706 1984 αύτῷ
725 1893 780 1960 καὶ
799 1903 857 1978 τής
876 1895 974 1977 ήττης
993 1894 1121 1978 ὀργιζό-

100 2023 200 2083 μενος
226 1996 269 2084 ἦν
297 2008 411 2079 αίτιος.
457 2002 576 2085 <257>
607 1999 660 2067 ἐπὶ
690 2010 851 2066 τοσοῦτον
881 1997 910 2064 δ’
943 2000 1120 2084 ὀλιγωρίας

98 2104 155 2170 καὶ
182 2110 460 2193 καταφρονήσεως
488 2103 595 2191 ἦλθεν
625 2109 670 2185 ώς
698 2100 754 2173 καὶ
783 2105 896 2172 τέλεον
926 2106 1120 2172 ἀποκλεῖσαι

99 2214 160 2276 τὸν
183 2215 290 2298 ναόν,
308 2212 363 2279 καὶ
391 2216 449 2292 τὰς
476 2213 715 2300 νενομισμένας
743 2214 969 2301 ἀπαγορεῦσαι
996 2218 1120 2290 θυσίας

57 2339 85 2378 ιο
101 2317 283 2405 ἐπιφέρειν,
296 2319 351 2385 καὶ
366 2323 543 2408 περιδῦσαι
556 2333 624 2388 τῶν
638 2321 863 2408 ἀναθημάτων
877 2320 989 2386 αὐτόν.
1017 2319 1115 2387 ταῦθ’

100 2426 242 2510 ὑβρίσας
265 2428 313 2503 είς
335 2429 395 2492 τὸν
417 2429 501 2493 θεὸν
529 2427 740 2511 ἐτελεύτησεν
768 2431 822 2512 έτη
851 2425 912 2513 μὲν
939 2429 1064 2513 βιώσας
1086 2426 1120 2504 ἓξ

101 2529 155 2595 καὶ
179 2533 366 2618 τριάκοντα,
390 2535 588 2617 βασιλεύσας
611 2532 641 2598 δ’
665 2533 697 2611 ἐξ
721 2534 833 2599 αὐτῶν
856 2532 1038 2617 ἑκκαίδεκα,
1061 2535 1121 2597 τὸν

101 2636 132 2702 δ’
160 2639 237 2703 υίὸν
256 2636 402 2717 Ἐζεκίαν
425 2638 584 2722 διάδοχον
606 2640 805 2703 καταλιπών.

169 2745 278 2827 <258>
301 2742 450 2809 ἀπέθανε
469 2741 498 2807 δ’
522 2743 587 2808 ὑπὸ
605 2745 665 2808 τὸν
683 2741 786 2808 αὐτὸν
804 2744 923 2828 καιρὸν
940 2740 995 2806 καὶ
1015 2742 1032 2808 ὁ
1051 2754 1119 2808 τῶν
1132 2747 1173 2812 13

58 2866 85 2907 2⁵
97 2847 312 2934 Ἰσραηλιτῶν
342 2852 497 2933 βασιλεὺς
526 2847 670 2932 Φακέας,
702 2848 1000 2934 ἐπιβουλεύσαντος
1031 2848 1120 2937 αύτῷ

101 2959 205 3040 φίλου
227 2958 319 3032 τινὸς
339 2953 461 3038 Ὠσήου
488 2955 649 3039 τούνομα,
677 2955 714 3032 ὃς
740 2955 912 3040 κατασχὼν
939 2954 1001 3037 τήν
1027 2958 1121 3038 βασι-

101 3065 195 3126 λείαν
219 3057 268 3126 ἐπ’
297 3063 352 3143 ἔτη
376 3058 473 3126 έννέα
495 3064 641 3148 πονηρός
663 3059 691 3127 τ’
718 3055 761 3144 ἦν
783 3058 839 3126 καὶ
861 3072 928 3126 τῶν
953 3062 1036 3146 πρὸς
1061 3062 1122 3125 τὸν

100 3170 185 3232 θεὸν
209 3168 380 3251 ὀλίγωρος.
425 3167 535 3251 <259>
558 3168 728 3254 στρατεύει
751 3165 781 3232 δ’
810 3165 988 3239 ἐπ’,αύτὸν
1011 3167 1029 3233 δ
1052 3178 1120 3232 τῶν

97 3270 283 3359 Ἀσσυρίων
302 3274 458 3357 βασιλεὺς
471 3273 748 3359 Σαλμανασάρης,
766 3270 822 3337 καὶ
837 3274 1002 3359 κρατήσας
1016 3272 1120 3338 αὐτοῦ

57 3398 86 3438 ιο
102 3376 176 3463 (τὸν
199 3381 283 3444 θεὸν
306 3380 369 3466 γὰρ
393 3376 454 3443 ούκ
477 3373 565 3462 εἶχεν
580 3376 698 3462 Ὠσήης
717 3378 838 3462 εύμενή
857 3375 913 3443 καὶ
932 3379 1118 3465 σύμμαχον)

175 3504 257 3564 ςιιι
277 3526 310 3546 =
330 3499 452 3556 κειται.
467 3499 584 3554 xxvm
598 3505 644 3566 τις
665 3499 765 3570 ταις,
779 3499 847 3553 τοι
860 3505 906 3555 ω,
