2400 3840
110 137 176 203 263
485 134 760 189 mmmm

110 303 202 382 τείχη
225 303 385 364 καθεῖλον
408 296 470 375 ἕως
492 295 648 381 ἐδάφους.
688 295 776 378 <42>
799 294 820 360 ό
840 290 880 359 δέ
898 298 1062 378 βασιλεὺς
1079 307 1136 361 τῶν

111 410 306 490 Μωαβιτῶν
324 405 591 489 συνδιωκόμενος
607 411 648 488 τῇ
666 404 857 489 πολιορκίᾳ,
880 399 942 466 καὶ
965 403 1030 486 τὴν
1049 405 1137 468 πόλιν
1178 449 1179 496 χ

112 512 203 595 δρῶν
229 512 496 576 κινδυνεύουσαν
523 509 702 593 αἱρεθῆναι
727 508 812 573 κατὰ
841 508 986 592 κράτος,
1015 510 1136 594 ὥρμησε
1178 503 1179 575 Ὗ

113 614 189 701 μεθ’
212 614 416 682 ἑπτακοσίων
438 614 586 693 ἐξελθών
608 614 666 679 διὰ
687 622 749 679 τοῦ
770 623 842 678 τῶν
862 619 1043 700 πολεμίων
1061 614 1137 693 ε’ξιπ-
1178 633 1179 639 ’

113 722 286 788 πάσασθαι
313 719 554 806 στρατοπέδου,
582 717 661 785 καθ’
691 719 710 785 δ
738 717 840 805 μέρος
868 719 991 798 αύτοῑς
1020 720 1154 806 ἐνόμιζω

114 830 172 905 τάς
199 829 350 912 φυλακάς
377 827 543 893 άνείσθαι.
591 823 648 890 καὶ
680 821 856 910 πειραθεὶς
888 825 955 891 ούκ
989 827 1138 910 ἠδυνήθη

115 944 250 1018 φνγείν·
283 931 495 1016 ἐπιτυγχάνει
526 932 590 1016 γάρ
623 929 784 1016 ἐπιμελῶς
815 931 1072 1022 φρουρουμένῳ
1099 940 1137 1020 τῷ

115 1044 213 1126 τόπφ.
259 1037 346 1120 <43>
370 1036 581 1122 ὑποστρέψας
603 1034 634 1102 δ’
656 1039 705 1114 είς
726 1037 788 1119 την
809 1039 914 1102 πόλιν
937 1040 1048 1124 ἔργον
1069 1039 1138 1104 ἀπο

114 1145 268 1226 γνώσεως
294 1140 350 1208 καὶ
378 1143 491 1227 δεινῆς
522 1142 669 1226 ἀνάγκης
700 1141 909 1228 διεπράξατο.
961 1155 1038 1211 τῶν
1063 1146 1138 1210 υἱῶν

115 1251 175 1314 τὸν
201 1250 444 1334 πρεσβύτατον,
472 1248 509 1326 ὃς
536 1247 606 1333 μετ’
636 1249 740 1314 αὐτὸν
766 1249 961 1333 βασιλεύειν
991 1231 1137 1336 ἤμελλεν,
1145 1267 1163 1311 10.

116 1355 295 1439 ἀναγαγών
318 1354 371 1421 ἐπὶ
394 1356 432 1421 τὸ
456 1366 564 1438 τεῖχος
591 1355 675 1420 ὥστε
701 1364 783 1420 πᾶσι
805 1357 958 1439 φανερὸν
983 1357 1137 1439 γενέσθαι

116 1474 187 1538 τοῖς
208 1465 394 1548 πολεμίοις,
422 1461 639 1547 ἱερούργησεν
666 1463 714 1538 είς
740 1461 971 1527 ὁλοκαύτωσιν
995 1473 1045 1552 τῷ
1068 1470 1138 1551 θεῷ.

115 1567 319 1650 θεασάμενοι
339 1566 369 1632 δ’
386 1568 490 1634 αὐτὸν
508 1569 543 1632 οί
555 1571 703 1650 βασιλεῖς
719 1564 946 1654 κατῴκτειραν
964 1577 1029 1652 τῆς
1045 1569 1138 1652 ἀνάγ-

115 1695 186 1755 κης,
204 1669 260 1737 καὶ
278 1676 445 1751 παθόντες
459 1673 678 1758 ἀνθρώπινόν
696 1697 729 1739 τι
746 1671 803 1738 καὶ
817 1671 966 1738 ἐλεεινὸν
981 1674 1137 1741 διέλυσαν

118 1779 180 1861 την
193 1782 399 1864 πολιορκίαν,
417 1777 473 1844 καὶ
491 1778 627 1856 ἕκαστος
645 1780 693 1856 είς
709 1779 772 1861 την
786 1780 912 1843 οίκείαν
927 1779 1164 1868 &vineam-1⁵

186 1886 273 1969 <44>
294 1882 495 1969 Ἰωσάφατος
518 1881 555 1950 δὲ
577 1887 845 1970 παραγενόμενος
863 1887 911 1961 είς
925 1883 1139 1972 Ἱεροσόλυμα

118 1989 174 2057 καὶ
204 1989 272 2076 μετ’
299 1994 433 2075 είρηνης
461 1993 645 2074 διαγαγών,
672 1991 788 2073 ὀλίγον
815 1989 997 2076 ἐπιβιώσας
1019 1997 1140 2078 χρόνω

119 2099 199 2181 μετδι
217 2098 279 2180 τὴν
294 2102 468 2182 στρατείαν
483 2097 613 2180 ἐκείνην
627 2095 785 2180 άπέθανε,
805 2099 902 2180 ζήσας
915 2093 979 2180 μὲν
993 2098 1140 2185 ἀριθμὸν

120 2200 203 2264 ἐτῶν
226 2199 398 2283 ἑξήκοντα,
424 2204 623 2285 βασιλεύσας
646 2201 678 2267 δ’
704 2202 738 2281 ἐξ
762 2203 872 2269 αὐτῶν
894 2200 994 2268 πέντε
1017 2204 1077 2270 καὶ
1100 2211 1140 2270 εί-

118 2322 202 2369 κοσι.
247 2313 356 2387 ταφῆς
377 2304 408 2369 δ’
430 2308 524 2389 ἔτυχε
543 2311 814 2392 μεγαλοπρεποῦς
832 2309 868 2374 ἐν
882 2307 1170 2395 Ἱεροσολύμοιςον

79 2407 173 2479 maz
197 2410 260 2494 γάρ
283 2405 326 2492 ἦν
347 2410 487 2496 μιμητης
509 2420 577 2476 τῶν
598 2413 754 2478 Δαυίδου
777 2417 893 2498 ἔργων.
938 2414 1038 2499 (45)
1066 2440 1141 2480 κατ-

120 2516 211 2583 έλιπε
235 2512 272 2582 δὲ
289 2513 345 2582 καὶ
364 2519 485 2596 παῖδας
504 2519 650 2604 ίκανούς,
673 2519 832 2605 διάδοχον
855 2518 886 2584 δ’
907 2517 1060 2599 άπέδειξε
1083 2524 1141 2587 τὸν

120 2625 347 2712 πρεσβύτατον
367 2624 539 2713 Ἰώραμον·
562 2626 663 2693 ταύτὸ
687 2627 750 2712 γάρ
774 2621 861 2709 εἶχεν
884 2628 990 2711 ὄνομα
1013 2637 1061 2714 τῷ
1084 2636 1142 2711 τῆς

121 2736 279 2816 γυναικὸς
292 2734 438 2822 ἀδελφῷ,
457 2735 666 2818 βασιλεύοντι
682 2729 719 2799 δὲ
732 2744 799 2798 τῶν
810 2730 1033 2817 Ἰσραηλιτῶν,
1049 2731 1141 2818 Ἀχά-

122 2844 185 2923 βου
207 2841 312 2905 παιδί.
1151 2854 1173 2896 ιε

189 2946 276 3028 <46>
299 2948 567 3030 παραγενόμενος
594 2944 625 3010 δ’
651 2945 687 3010 ἐκ
709 2954 768 3028 τῆς
789 2943 1007 3028 Μωαβίτιδος
1030 2945 1050 3010 ό
1074 2957 1140 3011 τῶν

119 3048 330 3133 Ἰσραηλιτῶν
361 3053 516 3132 βασιλεὺς
548 3052 596 3125 είς
627 3051 821 3136 Σαμάρειαν
855 3045 921 3134 εἶχε
953 3053 1017 3115 σὺν
1050 3054 1140 3140 αύτῷ

119 3155 305 3222 Ἐλισσαῖον
335 3157 395 3219 τὸν
426 3156 615 3240 προφήτην,
652 3151 693 3219 οὗ
725 3158 783 3232 τὰς
815 3155 948 3242 πράξεις
975 3158 1140 3243 βούλομαι

123 3265 272 3328 διελθεῖν
295 3257 457 3348 (λαμπραὶ
479 3260 543 3345 γάρ
566 3263 631 3326 είσι
652 3260 708 3326 καὶ
732 3263 880 3347 ἱστορίας
900 3260 1002 3344 άξιαι)
1026 3266 1142 3341 καθὼς

123 3368 160 3432 ἐν
182 3380 254 3444 ταῖς
277 3369 382 3454 ίεραῖς
404 3369 533 3450 βίβλοις
556 3366 795 3451 ἐπεγνώκαμεν.
1152 3383 1176 3425 ³⁰

193 3487 498 3556 542=4Reg.11126.
554 3489 755 3557 §44==3Reg.
765 3487 842 3541 XXII
852 3495 900 3555 513
916 3489 1032 3544 2Paral.
1042 3490 1139 3545 XXII.
