2400 3840
545 154 691 205 ΔΕΚΑΤΗ
1058 153 1129 222 333,

99 311 317 398 Ἱεροσόλυμα
344 314 403 378 τὸν
431 314 513 378 λαὸν
543 312 754 397 συνεκάλεσε,
783 308 877 379 κάκεί
901 314 963 397 τήν
993 313 1126 399 ἀζύμων

107 416 228 503 ἑορτήν
254 418 316 500 τήν
342 415 398 482 καὶ
424 418 532 502 πάσχα
559 417 742 502 λεγομένην
767 419 906 502 ήγαχεν,
937 418 1125 504 ἐδωρήσατό

105 548 144 589 τε
169 532 216 611 τῷ
244 529 313 612 λαῷ
342 526 392 605 [τὸ
419 523 541 608 πάσχα]
574 527 734 607 νεογνοὺς
765 523 904 609 ἐρίφους
934 522 990 589 καὶ
1022 526 1126 610 άρνας

105 633 334 716 τρισμυρίους,
348 633 430 713 βοῦς
444 628 475 694 δ’
493 631 541 707 είς
554 630 779 697 ὁλοκαύτωσιν
791 633 1003 715 τρισχιλίους.
1036 629 1125 712 <71>

75 747 268 821 επαρεϊχον
292 731 329 799 δὲ
350 733 406 799 καὶ
429 745 496 800 τῶν
511 732 673 821 Ἑβραίων
691 737 726 800 οί
741 747 866 821 πρῶτοι
885 737 941 800 διά
958 738 996 802 τὸ
1015 735 1124 819 πάσχα

106 852 179 919 τοῖς
211 842 357 926 ίερεῦσιν
388 842 491 926 άρνας
520 841 704 925 δισχιλίους
734 839 937 925 ἑξακοσίους,
968 838 1024 906 καὶ
1054 853 1124 918 τοῖς

106 949 267 1024 Λευίταις
288 950 574 1031 πεντακισχιλίους
596 947 700 1032 άρνας
723 948 845 1013 ἔδοσαν
867 949 902 1013 oc
921 957 1125 1033 προεστῶτες

107 1044 231 1135 αάτῶν,
254 1056 336 1136 βοῦς
354 1050 392 1118 δὲ
409 1054 655 1128 πεντακοσίους.
692 1051 780 1136 <72>
798 1051 853 1118 καὶ
870 1052 1050 1138 γενομένης
1068 1052 1125 1118 οὕ-

106 1182 173 1234 τως
200 1157 357 1242 ἀφθόνου
384 1167 444 1243 τῆς
469 1169 538 1250 τῶν
566 1158 696 1244 ίερείων
719 1158 890 1244 εὐπορίας,
917 1160 976 1236 τάς
1002 1162 1125 1236 θυσίας

63 1281 93 1322 10
108 1253 287 1329 ἐπετέλουν
313 1274 384 1341 τοῖς
410 1262 577 1341 Μωυσέος
602 1267 733 1349 νόμοις,
760 1262 885 1353 ἑκάστω
913 1276 980 1329 τῶν
1008 1263 1125 1350 ίερέων

108 1367 340 1452 ἐξηγουμένων
361 1366 417 1433 καὶ
440 1367 709 1453 διακονουμένων
731 1380 802 1446 τοῖς
824 1361 943 1453 ὄχλοις.
985 1367 1042 1433 καὶ
1064 1379 1124 1435 τοῦ

107 1475 273 1559 μηδεμίαν
298 1475 404 1557 άλλην
431 1473 536 1551 οὕτως
558 1473 704 1559 άχθήναι
730 1486 801 1551 τοῖς
818 1471 984 1559 Ἑβραίοις
1007 1472 1124 1560 ἑορτήν

107 1579 173 1645 ἀπὸ
196 1591 264 1644 τῶν
286 1581 490 1664 Σαμουήλου
518 1589 579 1646 τοῦ
601 1581 776 1666 προφήτου
798 1583 929 1665 χρόνων
952 1585 1060 1646 αίτιον
1082 1575 1125 1664 ήν

106 1678 146 1749 τὸ
164 1684 273 1751 πάντα
286 1687 368 1751 κατά
387 1689 513 1771 νόμους
520 1683 581 1750 ,καὶ
599 1685 681 1750 κατά
698 1686 760 1768 τήν
778 1685 919 1771 ἀρχαίαν
937 1688 1124 1772 παρατήρη-

64 1808 92 1850 15
107 1807 165 1855 σιν
178 1799 237 1875 τῆς
249 1795 390 1878 πατρίου
404 1794 586 1874 συνηθείας
599 1788 860 1874 ἐπιτελεσθῆναι.
883 1790 969 1873 (73)
978 1791 1076 1872 ζήσας
1090 1788 1121 1854 δ’

107 1895 146 1960 έν
165 1896 281 1982 είρήνη
298 1898 379 1981 μετὰ
396 1905 499 1962 ταῦτα
510 1894 646 1979 Ἰωσίας,
665 1897 713 1961 ἔτι
732 1892 770 1960 δὲ
787 1893 843 1960 καὶ
860 1897 992 1984 πλούτῳ
1010 1893 1066 1960 καὶ
1084 1903 1123 1982 τῇ

106 2002 197 2088 παρά
206 2010 308 2068 πᾶσιν
317 2001 460 2090 εὐδοξία,
471 1999 669 2088 κατέστρεψε
678 2001 783 2090 τούτῳ
795 2010 840 2089 τῷ
850 2003 960 2089 τρόπῳ
970 2002 1030 2066 τὸν
1039 2003 1124 2084 βίον.

176 2107 273 2191 <74>
297 2108 417 2193 Νεχαὼ
445 2107 463 2173 ὁ
491 2117 559 2173 τῶν
586 2108 782 2190 Αἰγυπτίων
809 2108 964 2190 βασιλεὺς
991 2105 1164 2192 άχείραςὸ

106 2215 267 2300 στρατιάν
295 2209 347 2278 ἐπὶ
372 2215 432 2279 τὸν
453 2212 638 2298 Εὐφράτην
664 2213 767 2295 ήλασε
792 2215 956 2297 ποταμόν,
982 2213 1126 2296 Μήδους

61 2337 92 2378 2⁰
106 2321 305 2404 πολεμήσων
330 2317 386 2384 καὶ
413 2322 491 2397 τοὺς
517 2313 771 2405 Βαβυλωνίους,
799 2322 835 2384 οἳ
858 2320 920 2403 τήν
942 2317 1126 2405 Ἀσσυρίων

105 2424 293 2491 κατέλυσαν
319 2425 438 2512 ἀρχήν·
471 2435 530 2509 τῆς
558 2427 621 2513 γάρ
646 2423 757 2503 Ἀσίας
788 2430 983 2510 βασιλεῦσαι
1014 2428 1125 2490 πόθον

105 2526 205 2616 εἶχεν.
250 2531 337 2614 <75>
361 2529 543 2615 γενομένου
566 2528 597 2595 δ’
623 2531 728 2596 αὐτοῦ
756 2533 839 2596 κατά
861 2529 1004 2613 Μένδην
1026 2532 1126 2595 πόλιν

107 2631 166 2723 (ήν
189 2633 221 2701 δ’
241 2636 323 2720 αὕτη
343 2646 401 2722 τῆς
416 2634 544 2702 Ἰωσίου
563 2631 747 2720 βασιλείας)
769 2636 849 2718 μετὰ
868 2635 1041 2718 δυνάμεως
1059 2630 1125 2720 εἶρ-

106 2765 167 2824 γεν
190 2741 293 2807 αὐτὸν
316 2743 372 2806 διά
394 2750 453 2826 τῆς
471 2742 559 2817 ἰδίας
575 2745 747 2805 ποιεῖσθαι
765 2740 875 2824 χώρας
895 2738 957 2820 τήν
975 2734 1029 2802 ἐπὶ
1047 2740 1126 2815 τοὺς

63 2863 92 2905 2⁵
106 2847 252 2931 Μήδους
274 2849 397 2913 ἔλασιν.
437 2843 569 2930 πέμψας
591 2841 629 2909 δδ
647 2845 773 2930 κήρυκα
796 2844 881 2929 πρὸς
900 2842 1004 2909 αὐτὸν
1022 2843 1040 2909 δ
1060 2847 1126 2908 Νε-

106 2955 175 3037 χαὼ
204 2953 266 3018 οὐκ
293 2951 343 3018 ἐπ’
373 2951 477 3018 αὐτὸν
503 2951 694 3037 στρατεύειν
722 2953 848 3034 ἔλεγεν,
868 2941 954 3014 άλλ’
984 2947 1037 3014 ἐπὶ
1065 2951 1125 3015 τὸν

105 3058 292 3144 Εὐφράτην
310 3055 511 3144 ὡρμηκέναι·
535 3057 578 3141 μή
597 3055 797 3142 παροξύνειν
820 3053 852 3120 δ’
873 3054 976 3120 αὐτὸν
996 3052 1125 3120 ἐκέλευ-

106 3180 181 3247 σεν,
208 3165 292 3230 ὥστε
319 3157 485 3248 πολεμεῖν
503 3163 592 3251 αὐτῷ
618 3164 782 3228 κωλύοντι
809 3163 955 3245 βαδίζειν
983 3158 1037 3244 ἐφ’
1066 3160 1125 3238 οὓς

107 3270 310 3352 διεγνώκειν.
352 3270 438 3353 <76>
458 3266 585 3344 Ἰωσίας
602 3266 634 3332 δ’
655 3268 696 3332 οὐ
714 3268 868 3352 προσίετο
891 3267 931 3331 τά
951 3267 1040 3352 παρά
1063 3275 1124 3331 τοῦ

65 3391 93 3432 80
108 3377 303 3459 Νεχαῶνος,
330 3372 402 3440 ἀλλ’
433 3374 538 3450 οὕτως
565 3368 652 3458 εἶχεν
679 3372 725 3456 ὡς
751 3371 795 3456 μή
823 3382 1008 3458 συγχωρεῖν
1036 3372 1125 3460 αὐτῷ

180 3499 242 3561 §71
264 3494 439 3551 =2ParaL
454 3493 556 3548 XXXV
571 3499 595 3548 8.
