2400 3840
127 125 169 186 14
504 122 779 174 ΑΡΧΔῙΟΔΟΓΙΔΣ

124 303 193 360 σεις
220 287 284 350 σὺν
307 285 434 366 αὐτοῖς,
463 285 508 360 ὡς
534 280 639 348 πάνθ’
665 282 823 348 ὁντινοῦν
848 281 981 365 δρῶντα
1009 278 1139 362 ἐκπλήτ-

123 395 244 456 τεσθαί
275 415 309 456 τε
341 390 396 456 καί
428 391 627 474 θαυμάζειν,
663 387 803 471 λέγοντα
830 390 940 452 πόθεν
971 388 1021 462 είς
1052 382 1137 450 τοῦτ’

123 498 337 582 εὐδαιμονίας
365 497 383 562 ό
411 499 537 560 Κείσου
563 507 641 572 παῖς
667 499 857 578 παρηλθενς
889 494 978 575 <57>
1001 492 1084 558 ὅταν
1107 489 1142 555 δι’

122 622 176 669 σοι
206 615 309 670 ταῦτα
339 603 473 686 γίνηται
502 603 543 666 τά
572 613 705 686 σημεῖα,
742 603 802 666 τὸν
838 601 922 665 θεὸν
954 605 1031 663 ίσθι
1064 599 1139 682 μετὰ

123 720 185 775 σοῦ
207 711 425 794 τυγχάνοντα,
447 710 595 773 ἄσπασαί
614 730 650 771 τε
672 708 732 772 τὸν
752 705 877 790 πατέρα
899 722 963 770 σου
984 703 1043 769 καὶ
1066 706 1163 780 τοὺςσ

123 830 303 899 συγγενεῖς.
339 814 427 897 ἥξεις
445 811 482 878 δὲ
501 814 728 897 μετάπεμπτος
741 815 789 889 είς
804 813 959 894 Γάλγαλα
974 809 1033 876 ὑπ’
1053 810 1140 895 ἐμοῦ,

122 923 177 987 ἵνα
191 922 387 1006 χαριστήρια
401 921 529 985 τούτων
542 921 702 1003 θύσωμεν
715 929 760 1006 τῷ
773 918 865 1006 θεῷῖ
894 917 1026 1002 φράσας
1040 927 1140 983 ταῦτα

120 1025 176 1090 καί
199 1028 368 1109 προειπὼν
396 1024 581 1110 ἀποπέμπει
608 1028 668 1091 τὸν
695 1028 881 1090 νεανίσκον.
925 1033 973 1110 τῷ
997 1024 1139 1110 Σαούλῳ

121 1128 158 1196 δὲ
180 1132 287 1196 πάντα
305 1135 388 1197 κατὰ
410 1132 472 1214 τήν
490 1135 695 1216 Σαμουήλου
717 1133 924 1215 προφητείαν
943 1129 1139 1212 ἀπήντησεν.

85 1255 100 1303 8
188 1239 275 1320 (58)
301 1238 347 1315 ὡς
374 1236 405 1302 δ’
430 1233 537 1321 ἦλθεν
565 1240 613 1315 είς
639 1239 701 1320 τήν
730 1239 840 1302 οίκίαν
866 1245 927 1301 τοῦ
955 1245 1139 1318 συγγενοῦς
1152 1255 1172 1294 10

120 1344 223 1410 αὑτοῦ
244 1341 429 1428 Ἀβηνάρου
452 1343 522 1430 (καί
545 1348 609 1431 γὰρ
629 1343 758 1410 ἐκεῖνον
780 1355 848 1408 τῶν
871 1344 983 1408 ἀλλων
1006 1344 1138 1408 οἰκείων

119 1456 246 1533 μᾶλλον
278 1452 460 1534 ἔστεργεν),
493 1450 725 1534 ἀνερωτῶντος
756 1448 832 1536 περὶ
863 1458 923 1532 τῆς
952 1448 1138 1534 ἀποδημίας

118 1553 173 1620 καὶ
197 1566 264 1620 τῶν
286 1553 358 1620 κατ’
383 1556 489 1640 αὐτήν
511 1559 710 1639 γεγονότων,
732 1567 800 1621 τῶν
821 1553 883 1640 μὲν
900 1557 1013 1620 ἀλλων
1036 1552 1137 1620 οὐδὲν

119 1659 345 1746 ἀπεκρύψατο,
373 1659 446 1727 οὐδ’
472 1662 518 1739 ὡς
544 1662 698 1746 ἀφίκοιτο
726 1662 815 1745 παρὰ
843 1662 1049 1746 Σαμούηλον
1079 1663 1137 1726 τὸν

118 1770 308 1852 προφήτην,
336 1766 409 1833 οὐδ’
435 1769 480 1845 ὡς
503 1767 628 1845 ἐκεῖνος
651 1768 739 1854 αὐτῷ
763 1775 932 1833 σεσῶσθαι
956 1769 1016 1844 τὰς
1038 1769 1137 1843 ὅνους
1149 1784 1170 1824 1⁵

119 1877 255 1959 ίφρασε·
280 1876 367 1960 <59>
382 1874 457 1961 περὶ
472 1871 509 1940 δὲ
523 1884 581 1958 τῆς
604 1877 773 1958 βασιλείας
786 1871 841 1938 καὶ
855 1885 923 1939 τῶν
936 1871 1008 1938 κατ’
1022 1873 1136 1956 αὐτήν,

118 1979 138 2045 ἀ
156 1980 211 2046 καὶ
227 1985 361 2064 φθόνον
375 1981 562 2066 ἀκουόμενα
575 1978 630 2045 καὶ
645 1979 801 2044 ἀπιστίαν
815 1978 901 2056 ἕξειν
917 1977 1009 2066 ᾤετο,
1029 1987 1136 2065 σιωπᾷ

117 2087 199 2168 πρὸς
222 2087 335 2167 αὐτόν,
365 2075 420 2151 καί
450 2083 529 2151 οὐδὲ
557 2088 641 2171 πρὸς
671 2086 793 2151 εὔνουν
824 2087 955 2171 σφόδρα
979 2081 1133 2150 δοκοῦντ’

117 2183 203 2253 εἶναι
232 2188 287 2255 καὶ
318 2193 549 2276 περιττότερον
581 2203 649 2256 τῶν
679 2190 738 2276 ἀφ’
771 2192 908 2275 αἵματος
939 2188 996 2255 ὑπ’
1033 2191 1135 2256 αὐτοῦ

118 2298 338 2378 στεργόμενον
366 2292 513 2377 ἀσφαλὲς
539 2295 559 2379 ή
584 2308 721 2383 σῶφρον
749 2296 841 2376 ἔδοξε
863 2298 1018 2382 μηνύειν,
1047 2304 1135 2380 λογι-
1148 2316 1169 2358 α

117 2399 267 2484 σάμενος,
292 2395 398 2485 οἶμαι,
425 2401 487 2484 τήν
514 2402 734 2488 ἀνθρωπίνην
757 2405 862 2488 φύσιν
885 2405 939 2469 οἵα
961 2416 1035 2481 ταῖς
1059 2404 1136 2488 ἀλη-

116 2508 212 2584 θείας
241 2505 344 2592 ἐστίν,
378 2507 427 2573 ότι
460 2512 601 2594 βεβαίως
629 2506 740 2587 οὐδεὶς
772 2511 891 2586 εύνονς
919 2511 996 2576 οὔτε
1024 2516 1135 2595 φίλων

116 2612 192 2680 οὔτε
211 2625 394 2699 συγγενῶν,
413 2613 487 2681 οὐδ’
504 2617 579 2703 ἀχρι
599 2627 667 2683 τῶν
685 2616 773 2703 παρὰ
791 2625 851 2682 τοῦ
869 2623 954 2681 θεοῦ
973 2623 1135 2705 λαμπρῶν

115 2718 275 2801 ἀποσώζει
299 2724 359 2807 τήν
383 2723 553 2806 διάθεσιν,
584 2723 667 2790 ἀλλὰ
694 2725 777 2807 πρὸς
804 2725 862 2800 τάς
892 2722 1056 2809 ὑπεροχὰς
1078 2749 1135 2790 κα-

115 2827 251 2907 κοήθεις
274 2828 498 2911 τυγχάνουσιν
520 2829 583 2912 ήδη
606 2827 662 2894 καὶ
685 2829 855 2910 βάσκανοι.
1146 2847 1169 2889 ω

80 2946 95 2994 ι
182 2930 268 3013 <60>
294 2933 491 3014 Σαμούηλος
510 2929 547 2997 δὲ
567 2938 726 3016 συγκαλεῖ
741 2933 800 2997 τὸν
819 2935 901 2999 λαὸν
920 2937 969 3012 είς
986 2939 1134 3020 Μασφα-
1171 2968 1174 2973 ·

115 3038 183 3121 θήν
206 3037 315 3119 πόλιν,
338 3031 392 3100 καὶ
411 3038 494 3122 πρὸς
513 3037 616 3104 αὐτὸν
635 3040 822 3103 διατίθεται
840 3043 961 3122 λόγους
980 3041 1040 3119 οὓς
1059 3039 1130 3106 κατ’

115 3142 253 3228 ἐντολήν
276 3142 415 3228 φράζειν
443 3145 533 3226 ἔλεγε
556 3152 616 3208 τοῦ
639 3150 739 3229 θεοῦ,
768 3145 818 3212 ὅτι
847 3147 910 3230 τήν
934 3146 1130 3233 ἐλευθερίαν

114 3249 227 3328 αὐτοῖς
246 3249 375 3316 ἐκείνου
394 3253 621 3335 παρασχόντος
639 3250 694 3315 καὶ
712 3255 790 3330 τοὺς
808 3255 986 3338 πολεμίους
1005 3255 1130 3320 δουλώ-

115 3371 233 3433 σαντος
263 3357 531 3442 ἀμνημονήσειαν
553 3355 626 3444 ῑτῶν
654 3357 866 3444 εὐεργεσιῶν,
896 3358 952 3425 καὶ
982 3361 1041 3425 τὸν
1070 3358 1131 3445 μὲν
1144 3380 1170 3419 ³0

185 3477 504 3548 ςιι-ιαεςαο.
