2400 3840
98 139 167 204 ‘16'
463 143 738 196 εΡΧΑιοΛοΓιΑΣ
861 197 863 200 ,

97 308 234 380 λοῦντες
258 304 330 369 ὅσοι
353 301 428 390 περὶ
451 314 519 369 τῶν
537 304 699 369 τοιούτων
723 301 760 367 ἐν
782 313 854 379 ταῖς
878 303 1038 387 ἱστορίαις
1059 301 1116 366 καὶ

96 422 168 486 τοῖς
190 411 304 488 ἀλλοις
327 411 580 496 συγγράμμασιν
604 412 783 494 εἰρήκασιν.
829 411 937 492 <347>
958 409 1041 474 ἀλλά
1066 411 1116 474 δι’-

96 539 186 581 καιοι
209 515 270 600 μέν
294 518 358 581 είσι
384 516 531 581 κάκεῖνοι
559 516 738 599 τυγχάνειν
766 515 946 598 ἀποδοχῆς,
975 516 1116 599 εὔψυχοι

98 619 136 686 δὲ
167 620 223 687 καὶ
254 625 494 707 μεγαλότολμοι
525 620 581 687 καὶ
612 633 681 687 τῶν
714 623 836 686 δεινῶν
866 621 1116 706 καταφρονηταὶ

98 732 195 813 μόνοι
223 730 358 805 δικαίως
384 728 427 793 ἀν
454 726 606 811 λέγοιντο
634 728 755 804 πάντες
782 729 817 792 οί
837 728 994 793 Σάουλον
1018 748 1144 812 μιμῆτ

99 837 245 919 σάμενοι.
294 838 332 900 τὸ
360 832 422 919 μὲν
448 836 511 920 γάρ
541 835 603 899 οὐκ
635 836 765 911 εἰδότας
792 838 827 899 τί
852 833 962 918 μέλλει
991 836 1117 918 συμβῆ-

98 949 217 1007 σεσθαι
235 928 318 1006 κατά
336 943 395 1006 τὸν
413 943 560 1026 πόλεμον
577 941 692 1017 αὐτοῖς
710 941 753 1024 μὴ
773 946 1020 1024 μαλακισθῆναι
1039 939 1116 1024 περὶ

98 1047 211 1130 αὐτόν,
234 1045 307 1113 ἀλλ’
325 1047 436 1136 ἀδῆλω
455 1058 501 1135 τῷ
520 1045 674 1132 μέλλοντι
693 1048 903 1131 παραδόντας
922 1049 1043 1122 αὑτοὺς
1063 1044 1114 1111 ἐπ’

98 1153 201 1218 αὐτοῦ
225 1153 393 1236 σαλεύειν,
424 1153 483 1237 οὐχ
513 1152 600 1218 οὕτω
623 1165 794 1236 γενναῖον,
821 1153 885 1218 κάν
908 1155 987 1237 ἔργα
1010 1154 1116 1218 πολλά

99 1257 358 1345 διαπραξάμενοι
381 1261 517 1344 τύχωσι·
542 1259 652 1343 <348>
675 1261 713 1323 τὸ
738 1255 775 1323 δὲ
797 1255 902 1342 μηδὲν
922 1257 959 1322 ἐν
981 1267 1020 1343 τῆ
1045 1260 1116 1322 δια-
1133 1279 1158 1317 ιο

99 1369 176 1453 νοία
198 1367 342 1451 χρηστὸν
365 1366 635 1450 προσδοκῶντας,
663 1365 746 1430 ἀλλά
774 1366 969 1451 προειδότας
997 1365 1042 1441 ὡς
1066 1367 1119 1429 δεῖ

99 1478 220 1537 θανεῖν
242 1469 297 1537 καλ
324 1480 423 1537 τοῦτο
453 1478 578 1536 παθεῖν
600 1470 824 1555 μαχομένους,
852 1466 921 1536 εἶτα
945 1472 988 1555 μῆ
1012 1475 1117 1555 φοβῆ-

99 1584 204 1661 θῆναι
237 1575 320 1662 μηδὲ
347 1584 597 1662 καταπλαγῆναι
624 1579 662 1643 τὸ
691 1579 819 1661 δεινόν,
851 1575 924 1642 ἀλλ’
955 1575 1005 1641 ἐπ’
1035 1578 1117 1642 αὐτὸ

99 1693 247 1769 χωρῆσαι
270 1687 593 1771 προγινωσκόμενον,
615 1682 705 1750 τοῦτ’
729 1684 887 1770 ἀνδρείου
910 1683 1045 1767 ἀληθῶς
1067 1707 1118 1748 τε-

99 1792 242 1877 κμήριον
270 1793 373 1875 ἔγωγε
398 1795 511 1878 κρίνω.
561 1793 669 1873 <349>
692 1792 847 1868 Σάουλος
873 1794 991 1855 τοίνυν
1018 1799 1117 1855 τοῦτο
1134 1810 1159 1848 15

102 1895 266 1981 ἐποίησεν,
290 1897 454 1976 ἐπιδείξας
478 1897 528 1963 ότι
550 1897 677 1974 πάντας
699 1894 760 1981 μὲν
780 1898 939 1982 προσῆκει
956 1904 1015 1978 τῆς
1037 1898 1118 1979 μετὰ

100 2005 160 2069 τὸν
178 2003 512 2088 θάνατονέύφιχμίας
530 2001 747 2087 γλιχομένους
768 2011 871 2067 ταῦτα
889 2011 998 2066 ποιεῖν
1018 1999 1050 2078 ἐξ
1071 1997 1119 2066 ὧν

101 2109 143 2173 ἀν
166 2110 280 2186 αὑτοῖς
303 2111 427 2192 ταύτην
448 2113 673 2191 καταλίποιεν,
700 2109 841 2192 μάλιστα
865 2104 902 2172 δὲ
924 2110 1002 2184 τοὺς
1025 2112 1119 2191 βασι-

100 2212 191 2296 λέας,
219 2215 264 2290 ὡς
291 2215 352 2279 ούκ
385 2213 459 2291 ἐξὸν
486 2214 600 2291 αὐτοῖς
627 2216 683 2278 διά
709 2216 747 2279 τὸ
770 2213 912 2298 με’γεθος
934 2224 993 2298 τῆς
1016 2214 1120 2300 ἀρχῆς

101 2319 142 2384 ού
164 2322 270 2403 μόνον
293 2321 333 2384 οὐ
356 2331 470 2395 κακοῖς
493 2315 578 2384 εἶναι
603 2318 678 2406 περὶ
701 2323 781 2397 τοὺς
804 2319 1018 2406 ἀρχομένους,
1041 2320 1115 2386 ἀλλ’
1133 2340 1160 2378 20

100 2421 180 2489 οὐδὲ
204 2427 343 2510 μετρίως
365 2437 528 2510 χρηστοῖς.

168 2531 276 2615 <350>
306 2533 353 2596 ἔτι
384 2532 512 2596 τούτων
543 2535 646 2596 πλείω
678 2529 754 2619 περὶ
784 2533 943 2597 Σαούλου
974 2529 1029 2597 καὶ
1061 2542 1120 2616 τῆς

101 2637 263 2724 εὐψυχίας
281 2637 391 2721 λέγειν
409 2638 595 2723 ῆδυνάμῆν,
613 2639 699 2723 ύλῆν
717 2640 797 2724 ῆμῖν
814 2639 1043 2724 χορηγησάσης
1060 2649 1120 2722 τῆς

101 2744 307 2822 ὑποθέσεως·
332 2743 404 2811 ἀλλ’
431 2746 554 2829 ἵναμὴ
578 2757 738 2831 φανῶμεν
766 2746 992 2831 ἀπειροκάλως
1014 2744 1118 2809 αὐτοῦ

100 2858 246 2936 χρῆσθαι
265 2863 336 2927 τοῖς
356 2850 513 2934 ἐπαίνοις,
537 2851 688 2936 ἐπάνειμι
706 2852 807 2917 πάλιν
825 2848 884 2934 ἀφ’
906 2846 954 2916 ὧν
973 2853 1021 2928 είς
1043 2852 1118 2916 τού-
1134 2869 1160 2908 25

101 2981 180 3034 τους
203 2956 327 3039 ἐξέβην.

65 3084 81 3130 5
167 3064 276 3146 <351>
288 3064 695 3147 κατεστρατοπεδευκότων
709 3064 771 3147 γάρ
788 3073 856 3127 τῶν
871 3067 1119 3146 Παλαιστινῶν,

101 3171 147 3246 ὡς
169 3181 340 3256 προεῖπον,
366 3165 421 3231 καὶ
445 3164 516 3231 κατ’
543 3170 626 3250 ἔθνη
649 3166 704 3233 καλ
728 3172 898 3251 βασιλείας
919 3167 974 3233 καὶ
999 3186 1118 3253 σατρα-

100 3279 195 3351 πείας
213 3273 484 3361 ἐξαριθμούντων
502 3274 565 3356 τῆν
582 3275 736 3357 δύναμιν,
757 3279 944 3351 τελευταῖος
962 3278 1119 3359 βασιλεὺς

99 3385 274 3464 παρῆλθεν
294 3380 430 3466 Ἀγχοῦς
456 3383 536 3465 μετά
563 3389 623 3464 τῆς
650 3381 738 3455 ἰδίας
761 3390 930 3465 στρατιᾶς,
958 3380 1012 3446 καὶ
1036 3384 1116 3465 μετά
1132 3402 1159 3441 ω

171 3506 253 3566 §351
275 3528 307 3548 =
328 3503 426 3571 1Reg.
446 3502 537 3556 XXIX
554 3509 576 3556 1.
