2400 3840
520 131 620 182 ΕΚΤΗ
1042 127 1081 191 11

61 288 155 354 ἐάσει
174 291 306 355 δικαίαν
324 291 484 375 ὑποσχείν
501 293 587 376 ὑμᾶς
605 294 768 376 τιμωρίαν
781 299 840 374 τῆς
858 292 969 356 αὑτῶν
986 315 1083 356 κακο-

65 395 225 478 βουλίας.’

132 503 220 585 <43>
252 498 295 587 ῆν
327 502 358 568 δ’
393 505 457 591 άρα
491 503 546 569 καὶ
579 506 663 590 πρὸς
694 507 752 582 τὰς
783 506 982 593 προρρήσεις
1014 514 1117 583 τῶνς

63 609 328 694 συμβησομένων
355 611 499 694 ἀνόητον
525 613 563 676 τὸ
586 618 727 695 πλῆθος,
749 609 805 676 καὶ
829 612 994 676 δύσκολον
1017 608 1082 688 ἐξε-

30 720 138 780 5λεῑν
160 725 219 799 τῆς
242 718 393 796 διανοίας
414 721 526 803 κρίσιν
549 718 613 801 ῆδη
637 719 726 803 παρὰ
754 727 800 806 τῶ
830 723 976 804 λογισμῷ
998 723 1082 781 καθ-

61 819 256 906 ιδρυμένην.
311 820 391 889 οὐδὲ
423 825 486 910 γάρ
516 822 782 911 ἐπεστράφησαν,
815 822 889 889 οὐδ’
923 822 1082 907 ἐμέλησεν

60 927 178 1005 αὐτοῖς
200 940 268 994 τῶν
286 932 489 1014 Σαμουήλου
513 934 634 1013 λόγων,
657 928 729 996 ἀλλ’
751 929 913 996 ἐνέκειντο
935 936 1081 1015 λιπαρῶς

58 1032 117 1100 καί
140 1047 344 1122 χειροτονεῖν
366 1036 483 1120 ῆξίουν
505 1037 569 1120 ῆδη
592 1038 652 1102 τὸν
671 1035 808 1120 βασιλέα
830 1034 886 1101 καὶ
908 1037 952 1120 μῆ
977 1060 1081 1121 φρον-

58 1145 164 1220 τίζειν
194 1152 262 1206 τῶν
293 1140 473 1226 ἐσομένων·
527 1143 623 1226 <44>
657 1141 710 1208 ἐπὶ
743 1144 805 1228 γάρ
838 1147 981 1229 τιμωρία
1012 1154 1081 1208 τῶν

16 1264 44 1303 1⁰
61 1246 196 1332 ἐχθρῶν
223 1247 372 1332 ἀνάγκην
399 1251 459 1315 τὸν
481 1249 715 1333 πολεμήσοντα
747 1253 810 1314 σὺν
838 1249 952 1326 αὑτοῖς
983 1252 1080 1333 ἐχειν,

60 1352 119 1419 καὶ
151 1351 251 1419 οὐδὲν
277 1356 403 1420 άτοπον
430 1350 516 1421 εἶναι
545 1367 614 1421 τῶν
641 1358 880 1441 πλησιοχώρων
908 1359 1080 1439 βασιλευο-

58 1459 172 1545 μένων
203 1462 265 1544 τῆν
296 1461 402 1544 αὐτῆν
433 1464 521 1546 ἔχειν
553 1462 667 1538 αὐτοῖς
699 1466 878 1528 πολιτείαν.
930 1462 1019 1547 ὁρῶν
1047 1460 1078 1526 δ’

57 1567 183 1643 αὐτοὺς
204 1565 281 1650 μηδ’
307 1568 372 1632 ὑπὸ
395 1578 462 1633 τῶν
483 1567 733 1653 προειρημένων
751 1568 1079 1654 άπεστραμμένουςὸ

58 1675 271 1757 Σαμοίηλος,
294 1672 366 1739 ἀλλ’
393 1672 622 1759 ἐπιμένοντας,
651 1674 731 1740 “νῦν
754 1674 831 1758 μέν’
856 1670 947 1740 εἶπεν
971 1675 1080 1740 ἤλπισε

20 1793 44 1833 1⁵
56 1782 144 1866 πρὸς
167 1780 289 1856 αὑτοὺς
311 1779 456 1863 ἕκαστος,
481 1779 730 1865 μεταπέμψομαι
756 1778 787 1844 δ’
810 1781 896 1864 ὑμᾶς
919 1782 967 1856 είς
990 1779 1078 1862 δέον,

58 1887 142 1952 ὅταν
165 1886 263 1970 μάθω
281 1887 370 1971 παρὰ
388 1896 448 1952 τοῦ
467 1892 553 1952 θεοῦ
570 1890 646 1951 τίνα
665 1887 805 1950 δίδωσιν
822 1887 904 1970 ὑμῖν
922 1884 1080 1968 βασιλέα.’

128 1995 215 2075 <45>
243 1987 286 2076 ῆν
314 1991 354 2057 δέ
378 2017 429 2070 τις
457 1992 492 2059 ἐκ
518 2002 577 2077 τῆς
600 1994 832 2077 Βενιαμίτιδος
859 1997 968 2076 φυλῆς
991 1991 1111 2078 άνῆρί

59 2095 96 2164 εὖ
120 2099 268 2181 γεγονὼς
284 2097 340 2164 καὶ
359 2098 487 2181 ἀγαθὸς
504 2101 542 2165 τὸ
561 2093 656 2182 ἦθος,
680 2101 801 2176 Κεῖσος
824 2101 937 2183 ὄνομα.
972 2103 1078 2191 τούτῳ

58 2218 137 2282 παῖς
160 2206 317 2292 ὑπῆρχεν.
362 2200 406 2289 ῆν
424 2203 462 2271 δὲ
479 2209 613 2283 νεανίας
631 2206 692 2288 τῆν
714 2206 849 2291 μορφῆν
872 2208 1005 2292 άριστος
1023 2208 1079 2274 καὶ

19 2325 45 2364 ²⁰
57 2314 95 2377 τὸ
120 2323 214 2395 σῶμα
237 2309 349 2395 μένας,
372 2314 410 2376 τό
430 2334 466 2376 τε
484 2315 639 2396 φρόνημα
657 2310 713 2377 καὶ
731 2313 793 2395 τῆν
812 2313 965 2379 διάνοιαν
989 2304 1078 2399 άμεί-

57 2442 128 2483 νων
151 2427 220 2482 τῶν
242 2416 469 2502 βλεπομένων·
503 2417 660 2483 Σάουλον
683 2419 785 2483 αὐτὸν
809 2417 959 2485 ἐκάλουν.
991 2421 1078 2503 <46>

58 2519 157 2600 οὗτος
181 2523 199 2588 ὁ
222 2526 354 2606 Κεῖσος,
378 2525 466 2589 ὄνων
489 2523 578 2611 αὐτῶ
603 2523 637 2588 ἐκ
660 2533 719 2607 τῆς
738 2534 843 2607 νομῆς
865 2531 976 2590 καλῶν
999 2525 1078 2590 άπο-

57 2635 296 2713 πλανηθεισῶν
320 2629 431 2716 (ῆδετο
454 2631 517 2714 γάρ
538 2629 652 2704 αὐταῖς
672 2629 716 2704 ὡς
734 2629 795 2693 οὐκ
813 2630 902 2716 άλλφ
925 2628 992 2693 τινὶ
1011 2640 1079 2694 τῶν

56 2735 258 2822 κτημάτων),
281 2737 341 2801 τὸν
359 2737 436 2801 υίὸν
453 2733 530 2820 μεθ’
554 2733 627 2811 ένὸς
645 2734 854 2819 θεράποντος
873 2732 925 2799 ἐπὶ
946 2736 1078 2817 ζῆτησιν

17 2854 45 2895 2⁵
57 2853 126 2908 τῶν
148 2854 280 2925 κτηνῶν
304 2841 492 2926 ἐξέπεμψεν.
538 2842 556 2907 δ
585 2839 616 2904 δ’
643 2838 712 2906 ἐπεὶ
740 2841 801 2923 τῆν
823 2842 964 2928 πάτριον
987 2864 1087 2928 περι-4

57 2955 144 3032 ῆλθε
158 2949 272 3032 φυλὴν
287 2947 468 3036 ἐξερευνῶν
482 2950 540 3026 τὰς
554 2951 664 3032 ὄνους,
678 2950 726 3026 είς
739 2950 797 3025 τὰς
811 2950 913 3026 ἄλλας
926 2949 1078 3033 ἀφίκετο,

57 3053 132 3119 οὐδ’
150 3054 188 3120 ἐν
201 3057 338 3132 ταύταις
356 3053 521 3140 ἐπιτυχὼν
539 3053 671 3121 άπιέναι
691 3057 875 3138 διεγνώκει,
894 3055 938 3137 μῆ
957 3056 1078 3140 ποιῆση

57 3159 134 3246 περὶ
162 3162 267 3227 αὑτοῦ
295 3171 342 3250 τῶ
364 3160 463 3249 πατρὶ
487 3163 523 3227 τὸ
547 3164 666 3228 λοιπὸν
689 3163 862 3246 φροντίδα.
909 3162 995 3243 <47>
1018 3171 1078 3226 τοῦ

57 3264 89 3331 δ’
117 3265 281 3351 ἑπομένου
304 3269 522 3353 θεράποντος,
546 3268 590 3344 ὡς
613 3266 766 3349 ἐγένοντο
785 3268 867 3331 κατά
886 3267 947 3349 τῆν
963 3265 1079 3352 Ἀρμα-

20 3373 128 3436 θθὰν
151 3375 266 3456 πόλιν,
295 3367 381 3438 εἶναι
410 3374 587 3458 προφῆτην
611 3373 647 3438 ἐν
670 3372 753 3457 αὐτῆ
777 3374 945 3456 φῆσαντος
968 3373 1086 3456 ἀληθῆ

133 3494 516 3562 ςιεειΒεςαΙΠιο,
