2400 3840
506 167 631 220 ΟΓΔΟΗ
645 228 648 233 ὁ
1014 165 1075 230 197

53 335 115 410 τῆς
134 327 236 410 αὐτῆς
254 326 456 412 ἡτοιμάσθαι
475 329 676 412 φιλοτιμίας,
698 325 754 392 καὶ
775 331 968 411 βασιλεῦσιν
987 329 1076 410 οίκη-

53 435 173 519 τύριον
191 431 276 498 ἀλλά
293 433 338 517 μὴ
356 439 426 521 θεῷ
445 437 611 517 γίνεσθαι,
629 433 771 518 βράδιον
789 432 933 516 ἠνύσθη.
966 434 1075 517 <132>

54 536 112 603 καὶ
135 538 219 603 αύτά
242 535 304 624 μὲν
326 534 389 605 οὖν
411 537 487 618 ἀξια
510 541 613 622 λόγου
640 537 696 606 καί
723 540 805 605 κατὰ
832 540 894 622 τὴν
922 540 1076 624 εὐδαιμο-

55 648 135 709 νίαν
153 643 387 731 τῆςἙβραίων
404 647 515 733 χώρας
532 643 662 718 καὶτοῦ
680 643 844 730 βασιλέως
861 643 1075 735 ᾠκοδομήθη·

28 752 118 834 τ’τὴν
142 748 173 816 δ’
200 751 281 835 ὅλην
304 751 415 817 αὐτῶν
438 749 589 831 διάταξιν
615 749 671 817 καὶ
698 753 760 835 τὴν
787 751 942 818 διάθεσιν
970 754 1076 817 εἰπεῖν

56 857 250 942 ἀναγκαῖον,
265 854 310 923 ἵν’
323 857 429 935 οὕτως
443 857 479 924 ἐκ
492 859 613 925 τούτου
627 858 845 944 στοχάζεσθαι
859 855 915 924 καὶ
927 868 1076 943 συνορᾶν

57 965 156 1048 ἔχωσι
178 965 216 1029 τὸ
240 961 384 1049 μέγεθος
407 965 442 1030 οί
462 973 501 1050 τῇ
525 973 637 1051 γραφῇ
657 963 833 1050 μέλλοντες
852 965 1075 1050 ἐντυγχάνειν.

125 1070 235 1154 <133>
259 1065 350 1148 οἶκος
372 1065 415 1154 ἦν
437 1068 541 1155 μένοις
560 1070 617 1136 καλ
639 1075 754 1156 καλός,
781 1077 918 1149 πολλοῖς
943 1073 1110 1151 στύλοιςκ

58 1175 301 1263 ἐρηρεισμένος,
323 1176 364 1243 ὃν
387 1178 436 1254 τίς
457 1178 516 1254 τὰς
537 1180 663 1264 κρίσεις
684 1175 741 1243 καὶ
758 1178 820 1261 τὴν
837 1168 907 1244 τῶν
926 1178 1077 1264 πραγμά-

16 1307 44 1348 10
57 1307 125 1349 των
148 1283 332 1366 διάγνωσιν
354 1289 485 1368 πλῆθος
507 1281 737 1362 ὑποδέξασθαι·
757 1282 813 1350 καλ
831 1292 979 1370 χωρῆσαι
997 1286 1076 1350 σύν-
1149 1346 1151 1350 ,
1179 1364 1181 1369 Α

57 1391 140 1456 οδον
153 1389 344 1475 ἀνθρώπων
358 1387 412 1455 ἐπὶ
426 1391 522 1468 δίκας
534 1392 815 1474 συνεληλυθότων
827 1391 1076 1474 κατεσκεύασεν,

57 1493 175 1561 ἑκατὸν
203 1493 264 1581 μὲν
290 1497 422 1580 πήχεων
449 1498 486 1563 τὸ
514 1505 632 1581 μῆκος,
664 1490 761 1584 εὖρος
793 1494 830 1562 δλ
861 1499 1076 1581 πεντήκοντα,

56 1605 94 1668 τὸ
119 1599 150 1666 δ’
170 1602 256 1680 ύφος
278 1603 468 1689 τριάκοντα,
488 1606 577 1670 κίοσι
600 1599 663 1689 μδν
684 1604 904 1690 τετραγώνοις
922 1603 1076 1689 ἀνειλημ-

56 1707 160 1793 μένον
188 1707 224 1775 ἐκ
250 1707 373 1795 κέδρου
398 1716 515 1792 πᾶσιν,
543 1707 783 1794 ἐστεγασμένον
810 1707 848 1775 δὲ
870 1713 1076 1797 Κορινθίως,

15 1836 41 1877 1⁵
57 1812 245 1901 ἰσομέτροις
263 1811 301 1880 δέ
319 1820 448 1898 φιλιαϊς
461 1811 517 1880 καὶ
530 1815 709 1900 θυρώμασι
726 1816 924 1902 τριγλύφοις
943 1815 1076 1901 ἀσφαλῆ

55 1919 92 1986 θ’
115 1921 199 2005 όμοῦ
221 1918 278 1988 καὶ
300 1917 619 2005 κεκαλλωπισμένον.
663 1920 774 2005 <134>
796 1921 908 2008 έτερος
930 1920 961 1986 δ’
986 1917 1077 1999 οἶκος

55 2022 98 2110 ἦν
126 2025 164 2093 ἐν
191 2023 280 2115 μέσηο
307 2023 386 2091 καθ’
418 2026 499 2092 όλου
518 2034 587 2101 ,τοῦ
614 2026 761 2105 πλάτους
787 2025 999 2113 τεταγμένος,
1025 2051 1076 2093 τε-

55 2132 236 2216 τράγωνος,
250 2125 347 2218 εὖρος
359 2133 493 2217 πήχεων
505 2131 694 2219 τριάκοντα,
711 2133 869 2220 ἀντικρυς
883 2137 968 2220 ἔχων
981 2137 1077 2219 ναόν,

55 2236 174 2323 παχέσι
197 2238 331 2316 στύλοις
355 2237 608 2324 ἀνατεταμένον.
653 2233 697 2323 ἦν
724 2237 755 2305 δ’
782 2239 819 2306 ἐν
842 2240 933 2330 αύτῷ
960 2239 1076 2328 ἐξέδρα
1159 2246 1165 2267 ⁵

14 2366 41 2407 ω
56 2345 254 2430 διαπρεπής,
286 2343 323 2411 ἐν
350 2338 372 2432 ᾗ
397 2348 620 2432 καθεζόμενος
648 2346 667 2412 ὁ
693 2351 852 2432 βασιλεὺς
877 2350 1022 2436 ἔκρινεν·
1054 2342 1076 2434 ᾖ

55 2449 254 2537 παρέζευκτο
276 2454 578 2536 κατεσκευασμένος
598 2453 700 2531 ἀλλος
719 2447 811 2531 οίιως
830 2463 872 2540 τῇ
888 2458 1076 2541 βασιλίσσῃ,

55 2553 111 2620 καλ
134 2557 174 2620 τὰ
197 2557 296 2623 λοιπά
318 2558 359 2622 τά
381 2559 465 2643 πρὸς
486 2557 549 2640 τὴν
568 2558 700 2624 δίαιταν
721 2557 778 2624 καλ
796 2560 855 2636 τδς
872 2559 1076 2637 ἀναπαύσεις

56 2663 217 2745 οἰκήματα
240 2664 320 2748 μετά
344 2663 496 2746 τὴντῶν
518 2663 721 2748 πραγμάτων
748 2663 931 2749 ἀπόλυσιν,
955 2665 1075 2751 ἐστρω-

55 2765 140 2852 μένα
162 2768 271 2834 πάντα
293 2772 404 2835 σανίσι
422 2766 639 2854 τετμημέναις
657 2766 694 2833 ἐκ
711 2768 842 2855 κέδρου.
888 2770 997 2853 <135>
1019 2767 1075 2835 καλ

14 2892 41 2933 2⁵
55 2874 95 2938 τά
128 2870 189 2957 μὲν
221 2871 456 2962 ᾠκοδομήσατο
490 2875 605 2951 λίθοις
635 2873 868 2959 δωιαπύχεσιν,
905 2871 1004 2964 έτέρφ
1037 2871 1077 2941 δδ

55 2989 182 3068 πριστῷ
199 2984 279 3058 τοὺς
296 2983 429 3064 τοίχους
446 2977 502 3045 κοιλ
520 2984 696 3046 πολυτελεῖ
711 2979 945 3067 κατημφίεσεν,
968 2981 1009 3046 όν
1026 2983 1076 3060 είς

54 3087 181 3170 κόσμον
205 3089 305 3173 ίερῶν
326 3083 382 3151 καὶ
405 3088 584 3170 βασιλείων
605 3091 707 3155 οίκων
724 3089 880 3174 θεωρίων
897 3096 939 3171 γῆ
958 3093 1075 3171 μεταλ-

55 3191 197 3275 λεύεται,
210 3204 281 3268 τοϊς
295 3189 458 3277 φέρουσιν
470 3191 573 3264 αὐτὸν
586 3194 702 3270 τόποις
711 3191 941 3278 ἐπαινουμένη.
964 3194 1075 3278 <136>

54 3295 171 3362 καὶτὸ
195 3294 257 3381 μὲν
280 3295 336 3362 ἀπ’
362 3297 466 3363 αὐτοῦ
492 3298 614 3376 κάλλος
641 3295 694 3366 ἐπὶ
721 3301 926 3385 τριστοιγίαν
952 3293 995 3382 ἦν
1022 3297 1074 3365 ἐν-

13 3422 41 3462 εο
54 3400 263 3488 υφασμένον,
285 3403 422 3489 τετάρτη
442 3399 480 3468 δὲ
497 3414 598 3490 μοίρα
616 3401 773 3488 γλυφέων
790 3416 926 3491 παρεῖχε
944 3407 1074 3491 θαυμά-

129 3523 489 3595 ςιοοεεΡιοςΝΠι.
