2400 3840
114 138 178 203 172
484 139 760 192 APXA10A0r1A2

112 304 233 392 χωρίφ.
279 302 375 385 <15>
403 302 554 367 Βαναίου
586 297 624 366 δὲ
655 300 717 383 τήν
748 299 928 386 ἀπόκρισιν
962 300 1066 366 αὐτοῦ
1090 307 1125 388 τῷ

114 411 246 492 βασιλεῖ
267 409 491 491 δηλώσαντος,
516 404 696 493 προσέταξε
719 407 886 491 Σολομὼν
912 405 984 473 ἐκεί
1003 408 1065 490 τήν
1086 429 1126 471 κε-

115 516 228 599 φαλήν
255 514 358 580 αὐτοῦ
386 513 563 599 ἀποτεμεῖν
589 513 704 590 καθὼς
730 513 901 597 βούλεται,
928 511 987 579 καὶ
1014 514 1128 594 ταύτην

114 625 232 706 λαβεῖν
254 622 315 705 τήν
338 621 435 704 δίκην
456 616 541 706 ὑπὲρ
563 629 632 685 τῶν
655 620 717 685 δύο
740 630 936 706 στρατηγῶν
960 619 1022 697 οὓς
1040 619 1129 694 αύτδς

115 725 259 804 ἀνοσίως
282 726 462 810 ἀπέκτεινε,
485 726 594 805 θάψαι
618 723 650 790 δ’
671 725 776 791 αὐτοῦ
798 728 836 792 τὸ
855 736 963 811 σῶμα,
989 727 1078 802 ὅπως
1097 725 1149 789 τάν

115 829 177 918 μέν
201 831 415 919 ἁμαρτήματα
433 831 598 918 μηδέποτε
615 835 795 918 καταλείπῃ
816 833 855 899 τὸ
878 831 979 916 γένος
1002 835 1041 898 τὸ
1060 831 1131 896 ἐκεί-
1172 878 1174 884 -

115 963 194 1022 νου,
222 947 280 1021 τής
310 936 341 1003 δ’
365 936 502 1023 Ἰωάβου
523 944 684 1023 τελευτῆς
710 937 811 1016 αὐτός
837 962 873 1004 τε
900 936 956 1004 καὶ
986 939 1006 1005 δ
1034 937 1131 1022 πατήρ

116 1043 224 1131 ἀθῷοι
249 1043 446 1127 τυγχάνωσι.
493 1044 589 1129 <16>
615 1041 671 1108 καλ
694 1047 843 1120 Βαναίας
869 1040 933 1128 μὲν
959 1046 1003 1110 τά
1030 1050 1131 1109 κελευ

117 1146 243 1213 σθέντα
264 1151 406 1232 ποιήσας
432 1148 533 1226 αὐτὸς
560 1148 796 1215 ἀποδείκνυται
823 1151 1012 1235 στρατηγὸς
1036 1148 1132 1230 πάσης

117 1264 176 1339 τής
194 1256 376 1341 δυνάμεως,
400 1256 565 1322 Σάδωκον
583 1252 621 1321 δὲ
639 1258 745 1341 μόνον
762 1267 854 1322 ποιεῖ
869 1254 1029 1342 ἀρχιερέα
1048 1256 1066 1321 δ
1083 1258 1132 1339 βα·
1143 1271 1161 1311 1⁰

119 1365 230 1440 σιλεὺς
253 1366 301 1441 είς
322 1365 383 1430 τὸν
403 1360 607 1448 Ἀβιαθάρου
630 1364 744 1445 τόπον,
767 1361 808 1427 ὃν
830 1362 1063 1445 μετεστήσατο.

82 1489 99 1538 5
185 1469 272 1553 <17>
292 1472 459 1558 Σεμεείσφ
479 1464 517 1533 δὲ
534 1466 735 1555 προσέταξεν
753 1469 863 1534 οἰκίαν
881 1468 1134 1552 οἰκοδομήσαντι

119 1573 232 1659 μένειν
260 1573 297 1639 έν
315 1573 557 1659 Ἱεροσολύμοις
584 1573 674 1662 αὐτῷ
701 1573 985 1659 προσεδρεύοντα,
1013 1572 1072 1639 καὶ
1098 1571 1135 1657 μή

120 1681 309 1764 διαβαίνειν
335 1681 396 1745 τὸν
422 1679 625 1766 χειμάρρουν
647 1680 828 1766 Κεδρῶνος
856 1681 944 1763 ἔχειν
973 1677 1136 1757 ἐξουσίαν·

119 1787 367 1874 παρακούσαντι
391 1782 428 1851 δδ
449 1787 579 1852 τούτων
601 1785 753 1851 θάνατον
780 1787 916 1850 ἔσεσθαι
942 1785 982 1850 τὸ
1006 1789 1168 1872 πρόσω-ιι

120 1917 194 1978 μον.
239 1903 284 1982 τῷ
312 1890 350 1959 δὲ
377 1891 512 1978 μεγέθει
539 1900 598 1980 τῆς
629 1890 765 1976 ἀπειλῆς
795 1887 852 1956 καὶ
884 1890 1005 1976 ὅρκους
1039 1891 1139 1958 αὐτὸν

119 2000 372 2084 προσηνάγκασε
403 2001 617 2082 ποιήσασθαι.
663 1997 757 2081 <18>
787 1993 907 2081 Σεμεεὶ
940 1993 978 2060 δὲ
1011 2001 1140 2086 χαίρειν

121 2097 171 2179 οἷς
188 2096 389 2189 προσέταξεν
408 2104 497 2193 αὐτῷ
516 2105 680 2189 Σολομῶν
703 2104 822 2187 φήσας,
844 2100 899 2167 καὶ
922 2112 1028 2168 ταῦτα
1047 2106 1140 2187 ποιή-

120 2225 193 2272 σειν
214 2211 439 2292 προσομόσας,
466 2210 657 2274 καταλιπὼν
678 2208 741 2291 τήν
762 2209 906 2295 πατρίδα
929 2208 991 2291 τήν
1015 2211 1141 2298 διατρι·

121 2312 185 2396 βήν
218 2310 254 2376 έν
290 2323 361 2387 τοῖς
386 2311 627 2398 Ἱεροσολύμοις
659 2312 812 2379 ἐποιεῖτο.
862 2315 1071 2382 διελθόντων
1105 2314 1174 2382 δέἰί

120 2427 222 2504 τριῶν
254 2416 338 2482 έτῶν
365 2416 508 2494 ἀκούσας
537 2419 598 2484 δύο
627 2420 770 2496 δούλους
798 2419 1008 2507 ἀποδράντας
1037 2421 1141 2488 αὐτὸν

120 2523 157 2589 έν
172 2526 272 2610 Γίττη
289 2524 526 2610 τυγχάνοντας,
545 2525 697 2614 ὥρμησεν
716 2523 770 2592 ἐπὶ
787 2530 867 2604 τοὺς
883 2525 1020 2604 οἰκέτας.
1054 2529 1141 2612 <19>

121 2631 364 2710 ἐπανελθόντος
392 2629 429 2698 δὲ
457 2630 527 2719 μετ’
557 2633 669 2701 αὐτῶν
696 2634 714 2701 ὁ
742 2637 897 2718 βασιλεὺς
926 2637 1141 2718 αἰσθόμενος,

121 2741 166 2817 ὡς
187 2737 243 2806 καὶ
270 2751 338 2806 τῶν
366 2740 511 2807 ἐντολῶν
537 2742 641 2808 αὐτοῦ
663 2742 992 2825 καταφρονήσαντος,
1019 2738 1076 2805 καὶ
1101 2744 1140 2807 τὸ

120 2850 246 2930 μεῖζον,
277 2856 345 2911 τῶν
377 2847 486 2933 ὅρκων
517 2856 578 2913 τοῦ
609 2853 694 2912 θεοῦ
720 2847 885 2930 μηδεμίαν
911 2845 1140 2931 ποιησαμένου
1153 2863 1174 2906 ω

121 2952 300 3038 φροντίδα,
332 2958 482 3035 χαλεπῶς
509 2948 589 3034 εἶχε,
620 2948 676 3015 καὶ
703 2948 843 3028 καλέσας
871 2951 974 3017 αὐτόν
1003 2952 1057 3017 ὀὐ
1085 2952 1140 3018 σύ’

121 3075 225 3143 φησιν
248 3057 390 3140 (ὤμοσας
412 3056 456 3140 μή
479 3059 691 3133 καταλείψειν
714 3054 780 3140 ἐμέ,
803 3055 880 3142 μηδ’
907 3057 1143 3137 ἐξελεύσεσθαί

120 3161 193 3228 ποτ’
220 3161 255 3226 ἐκ
282 3162 403 3244 ταύτης
429 3169 488 3245 τής
514 3163 641 3236 πόλεως
668 3162 723 3237 είς
743 3163 861 3246 ἀλλην;
890 3164 985 3248 <20>
1013 3166 1140 3231 ούκουν

121 3266 301 3355 ἀποδράσει
324 3268 386 3351 τήν
410 3276 469 3353 τής
491 3267 658 3354 ἐπιορκίας
685 3266 797 3351 δίκην,
825 3267 908 3333 ἀλλά
936 3267 991 3334 καὶ
1017 3273 1140 3354 ταύτης

120 3371 176 3437 καὶ
200 3368 248 3437 ὧν
271 3376 318 3450 είς
340 3377 401 3440 τὸν
422 3373 546 3463 πατέρα
568 3396 633 3459 μου
655 3373 745 3458 παρὰ
770 3372 831 3455 τήν
859 3376 972 3459 φυγήν
998 3376 1139 3463 ύβρισας
1152 3394 1174 3434 3(

194 3494 532 3562 ειεεειιιςῶεο.
