2400 3840
547 147 699 197 EBAOMH
1067 149 1130 213 139

55 362 57 370 ,
109 311 250 370 καλοῦσι
273 309 428 390 Δαυίδην
450 308 644 373 παύσασθαι
667 304 728 392 μὲν
751 317 809 391 τῆς
832 309 943 392 ὀργῆς,
972 309 1130 388 εὐνοϊκῶς

110 408 149 477 δὲ
170 414 255 498 πρὸς
278 413 399 490 αὐτοὺς
422 415 520 497 ἔχειν,
542 425 610 479 τῶν
633 411 671 480 δὲ
693 415 906 501 πραγμάτων,
930 417 1043 492 καθὼς
1065 417 1128 499 ῆδη

108 517 165 583 καὶ
188 522 361 605 πρότερον,
384 527 555 585 ποιεῖσθαι
578 524 752 606 πρόνοιαν,
775 520 837 603 τῆν
857 524 1030 604 βασιλείαν
1049 520 1128 586 ἀπο-

108 629 264 709 λαβόντα.
314 626 422 710 <260>
450 636 553 692 ταῦτα
582 623 644 711 μὲν
671 622 734 693 οὖν
761 625 998 713 συνεχέστερον
1025 625 1128 710 ἀπηγ-

80 729 242 813 εγέλλετο
261 740 307 820 τῷ
325 734 470 817 Λαυίδη,
492 732 643 810 κάκεῖνος
663 730 765 799 οὐδὲν
782 728 883 816 ἧττον
902 736 1025 817 ἔπεμψε
1043 735 1128 819 πρὸς

108 837 275 902 Σάδωκον
305 837 360 903 καὶ
391 830 594 926 Ἀβιάθαρον
630 842 709 916 τοὺς
745 837 932 926 ἀρχιερέας,
969 841 1026 905 ἵνα
1056 851 1127 917 τοῖς

107 945 249 1027 ἀρχουσι
267 957 337 1022 τοῖς
355 955 413 1029 τῆς
428 944 537 1011 Ἰούδα
552 952 661 1030 φυλῆς
679 947 912 1030 διαλεχθῶσιν,
930 947 975 1023 ὡς
989 947 1127 1032 αίσχρύν

108 1049 200 1115 ἐστιν
223 1051 336 1129 αὐτοῖς
358 1053 460 1128 ἀλλας
483 1053 592 1136 φυλάς
614 1055 677 1138 πρὸ
702 1051 829 1136 ἐκείνης
846 1055 1002 1137 Δαυίδην
1020 1077 1126 1139 χειρο-

106 1168 246 1241 τονῆσαι
269 1156 416 1242 βασιλέα,
439 1155 494 1223 καὶ
517 1156 617 1223 ταῦθ’
638 1159 734 1244 ὑμῶν
753 1171 926 1242 συγγενῶν
944 1163 1052 1226 ὄντων
1069 1158 1125 1225 καὶ

63 1291 92 1330 ιο
106 1266 224 1329 κοινὸν
247 1257 327 1349 αἷμα
350 1267 433 1350 πρὸς
458 1265 561 1331 αὐτὸν
584 1265 849 1350 κεκληρωμένων.
896 1268 1005 1349 <261>
1028 1270 1069 1332 τά
1093 1267 1123 1333 δ’

105 1371 191 1436 αύτά
213 1370 268 1437 καὶ
290 1370 429 1457 Ἀμεσσῆι
451 1381 497 1459 τῷ
521 1381 691 1460 στρατηγῷ
711 1370 911 1458 προσέταξεν
929 1373 1051 1451 αὐτοὺς
1074 1373 1125 1439 λέ-

105 1501 195 1560 γειν,
228 1479 278 1543 ὅτι
310 1487 369 1562 τῆς
396 1477 543 1562 ἀδελφῆς
569 1479 644 1555 υίὸς
672 1479 731 1543 ὢν
746 1479 850 1545 αὐτοῦ
880 1480 924 1564 μὴ
952 1483 1062 1545 πείθει
1086 1483 1123 1546 τὸ

104 1589 237 1669 πλῆθος
259 1587 393 1670 Λαυίδη
420 1585 482 1668 τῆν
509 1588 681 1668 βασιλείαν
707 1585 905 1652 ἀποδοῦναι·
933 1588 1124 1672 προσδοκᾶν

105 1686 144 1755 δὲ
171 1689 249 1776 παρ’
275 1691 379 1756 αὐτοῦ
406 1691 449 1775 μῆ
479 1691 662 1774 διαλλαγὴν
676 1678 794 1779 ,μύνον
823 1690 939 1778 (τοῦτο
967 1695 1031 1777 γὰρ
1059 1695 1122 1778 ῆδη

61 1823 89 1863 15
104 1794 295 1884 γεγονέναι)
314 1797 397 1863 ἀλλά
415 1793 471 1862 καὶ
489 1797 551 1879 τῆν
570 1797 714 1873 ἅπαντος
732 1807 792 1861 τοῦ
811 1803 893 1863 λαοῦ
912 1804 1123 1884 στρατηγίαν,

103 1905 148 1988 ἣν
171 1905 259 1993 αὐτῷ
282 1901 336 1969 καὶ
357 1901 583 1988 Ἀβεσάλωμος
601 1900 773 1987 παρέσχεν.
814 1903 923 1987 <262>
936 1903 991 1968 καὶ
1011 1907 1045 1969 οί
1061 1902 1123 1989 μέν

103 2013 268 2097 ἀρχιερεῖς
291 2009 311 2075 δ
334 2007 396 2095 μέν
418 2021 489 2086 τοῖς
515 2018 574 2093 τῆς
596 2014 706 2092 φυλῆς
727 2010 867 2095 ἀρχουσι
890 2009 1122 2095 διελέχθησαν,

103 2117 124 2183 ἀ
154 2114 191 2183 δὲ
219 2119 278 2183 τὸν
303 2115 463 2201 Ἀμεσσάν
494 2118 642 2198 ἔπεισαν,
674 2116 715 2180 τά
746 2118 835 2202 παρά
867 2125 927 2182 τοῦ
960 2117 1122 2201 βασιλέως

102 2225 188 2308 πρὸς
210 2224 314 2288 αὐτὸν
337 2225 495 2306 εἰπόντες,
519 2222 680 2309 ἐγχειρεῖν
698 2235 770 2301 ταῖς
787 2220 871 2310 ὑπὲρ
895 2225 998 2290 αὐτοῦ
1017 2249 1122 2311 φρον-

59 2353 89 2393 εο
102 2334 180 2395 τίσι.
207 2328 263 2394 καὶ
282 2333 393 2394 πείθει
412 2354 449 2413 γε
467 2331 528 2415 τῆν
547 2331 660 2415 φυλὴν
677 2339 876 2418 παραχρῆμα
894 2330 1019 2418 πέμψαι
1038 2334 1121 2419 πρὸς

101 2439 259 2520 Δαυίδην
277 2435 441 2522 πρέσβεις,
463 2444 735 2524 παρακαλοῦντας
757 2441 805 2516 είς
827 2440 889 2523 τῆν
908 2441 999 2505 ίδίαν
1018 2440 1121 2505 αὐτὸν

102 2542 304 2608 ἐπανελθεῖν
326 2547 507 2628 βασιλείαν.
553 2545 590 2608 τὸ
610 2542 641 2607 δ’
663 2542 817 2609 αὐτὸκαὶ
840 2545 960 2622 πάντες
984 2545 1120 2614 ἐποίουν

101 2650 138 2714 οί
156 2647 354 2734 Ἰσραηλῖται
377 2647 651 2735 προτρεψαμένου
673 2659 733 2715 τοῦ
754 2647 901 2733 Ἀμεσσῖι

171 2757 281 2840 <263>
306 2768 374 2822 τῶν
402 2753 440 2821 δὲ
469 2753 641 2841 πρέσβεων
668 2753 880 2840 ἀφικομένων
906 2757 990 2841 πρὸς
1016 2757 1155 2823 αύτδνε

60 2882 88 2922 ιε
103 2865 151 2939 είς
175 2862 386 2948 Ἱεροσόλυμα
413 2861 620 2948 παρεγένετο.
669 2861 796 2938 πάντας
826 2858 864 2927 δὲ
892 2865 970 2939 τοὺς
997 2863 1120 2942 ἀλλους

102 2971 254 3053 ἔφθασεν
280 2969 301 3052 ῆ
326 2967 435 3034 Ἰούδα
462 2969 551 3052 φυλὴ
578 2969 662 3053 πρὸς
688 2970 747 3033 τὸν
771 2966 943 3055 Ἰορδάνην
970 2971 1119 3054 ποταμὸν

100 3074 288 3158 ἀπαντῆσαι
315 3084 361 3163 τῷ
384 3079 527 3159 βασιλεῖ,
554 3071 609 3139 καὶ
637 3075 655 3141 ὁ
680 3076 771 3161 Γηρᾶ
794 3088 872 3153 παῖς
894 3075 1014 3160 Σεμεεί
1037 3079 1118 3161 μετὰ

100 3184 219 3264 χιλίων
233 3181 378 3268 ἀνδρῶν,
397 3180 456 3257 οὓς
475 3179 510 3246 ἐκ
528 3189 587 3264 τῆς
601 3183 833 3265 Βενιαμίτιδος
847 3187 956 3265 φυλῆς
970 3180 1118 3266 έπῆγετο,

100 3286 157 3352 καὶ
181 3289 288 3371 Σιβὰς
316 3284 346 3351 δ’
373 3287 391 3353 ὁ
415 3286 638 3373 ἀπελεύθερος
661 3287 833 3370 Σαούλου,
860 3284 915 3351 καὶ
943 3289 978 3351 οί
1002 3290 1118 3366 παῖδες

60 3412 87 3452 εο
101 3395 217 3477 αὐτοῦ,
240 3395 472 3460 πεντεκαίδεκα
495 3396 555 3459 τὸν
578 3393 725 3480 ἀριθμὸν
748 3396 856 3477 ὄντες,
886 3391 954 3477 μετ’
980 3396 1118 3461 οίκετῶν

175 3521 257 3581 ςεοο
277 3542 309 3560 =
329 3515 428 3584 ναις,
447 3515 512 3569 XIX
529 3522 569 3570 11.
