2400 3840
541 141 686 192 ΔΕΚΑΤΗ
1057 144 1121 210 369

101 299 163 362 τὸν
190 295 303 382 μέντοι
331 296 362 380 γ’
388 298 500 365 αὐτῶν
525 302 719 385 παραβάντα
746 304 870 386 ταύτην
897 304 958 386 τήν
985 307 1121 389 γνώμην

102 406 151 480 είς
183 406 242 469 τὸν
271 415 339 471 τῶν
366 407 511 471 λεόντων
539 409 674 492 ἔκριναν
704 408 799 494 ῥίψαι
830 409 951 475 λάκκον
979 409 1120 478 ἀπολού-

101 533 214 595 μενον.
254 511 364 594 <254>
387 512 405 577 δ
429 508 467 577 δὲ
484 516 640 597 βασιλεὺς
662 514 703 579 οὐ
727 516 877 581 συνιδὼν
897 516 959 598 τήν
981 524 1156 601 κακουρ-ο

101 620 180 699 γίαν
204 616 325 701 αὐτῶν,
349 616 421 683 οὐδ’
448 615 502 683 ἐπὶ
524 621 584 685 τὸν
606 624 780 703 Δανιήλου
802 630 905 686 ταῦτα
928 638 1122 690 κατεσκευα-

72 723 246 809 5σμένους
271 725 475 809 ὑπονοήσας,
508 723 707 811 ἀρέσκεσθαι
734 739 804 804 τοῖς
830 724 887 792 ὑπ’
918 727 1029 794 αὐτῶν
1057 729 1120 812 ἔφη

102 830 326 917 δεδογμένοις,
344 830 400 898 καὶ
416 834 581 918 κυρώσειν
599 834 661 917 τήν
678 836 875 920 προαίρεσιν
893 833 1004 899 αὐτῶν
1023 832 1121 916 ἐπαγ-

100 940 300 1023 γελλόμενος
326 943 508 1025 προτίθησι
536 943 735 1026 πρόγραμμα
768 942 894 1023 δηλοῦν
923 951 968 1028 τῷ
999 942 1121 1023 πλήθει

100 1047 141 1110 τά
165 1043 308 1122 δόξαντα
330 1057 400 1122 τοῖς
423 1046 613 1132 σατράπαις.
660 1048 778 1130 <255>
807 1045 862 1113 καὶ
886 1049 921 1113 οί
942 1043 1002 1132 μὲν
1026 1043 1121 1112 άλλδι

100 1151 223 1228 πάντες
244 1155 488 1238 φυλαττόμενοι
512 1154 552 1217 τά
564 1151 842 1239 προστεταγμένα
865 1155 909 1239 μή
930 1157 1121 1240 παραβήναι

60 1274 86 1314 10
99 1256 263 1343 ἠρέμουν,
294 1259 453 1348 Δανιήλῳ
485 1255 522 1324 δὲ
551 1258 691 1345 φροντὶς
721 1257 795 1324 οὐδ’
825 1260 964 1344 ἡτισοῦν
993 1261 1132 1327 τούτων44

99 1359 154 1447 ήν,
177 1362 250 1429 ἀλλ’
272 1364 317 1441 ὡς
336 1360 424 1449 εἶχεν
443 1367 532 1449 ἔθος,
557 1366 731 1450 ἱστάμενος
749 1366 866 1449 ηὔχετο
885 1374 931 1452 τῷ
950 1372 1020 1452 θεῷ
1038 1365 1121 1430 πάν-

100 1493 168 1534 των
192 1470 359 1555 δρώντων.
405 1472 524 1554 <256>
553 1474 587 1537 οί
613 1469 651 1537 δὲ
679 1471 858 1558 σατράπαι,
885 1480 943 1556 τῆς
964 1471 1132 1557 ἀφορμῆς

101 1575 216 1653 αὐτοῖς
238 1576 280 1659 ἣν
304 1566 648 1662 ἐσπούδαζονλαβείν
671 1577 725 1643 ἐπὶ
739 1580 807 1660 τὸν
824 1583 1001 1661 Δανιήλον4
1017 1600 1121 1663 παραε

101 1685 272 1767 φανείσης,
291 1683 395 1761 εὐθὺς
408 1678 491 1768 ήκον
502 1685 588 1770 πρὸς
600 1686 660 1749 ’τὸν
675 1683 822 1767 βασιλέα,
840 1681 897 1749 καὶ
912 1687 1121 1769 κατηγόρουν

60 1804 86 1846 1⁵
101 1788 146 1865 ώς
169 1793 436 1875 παραβαίνοντος
457 1792 563 1875 μόνον
582 1798 644 1854 ’τοῦ
662 1791 837 1871 Δανιήλου
860 1791 901 1854 τά
923 1799 1121 1874 προστεταγ-

100 1892 185 1979 μένα
213 1892 370 1981 (μηδενδς
385 1897 460 1981 ’γάρ
490 1906 559 1960 τῶν
587 1896 699 1960 ἄλλων
728 1900 921 1979 τολμῶντος,
938 1895 1120 1980 ,προσεύχε-

101 2006 184 2065 σθαι
206 2011 277 2076 τοῖς
299 1999 419 2086 θεοῖς),
441 1999 497 2065 καὶ
515 1998 604 2066 τοῦτ’
627 2001 667 2065 οὐ
689 1998 734 2065 δι’
756 1998 1045 2084 εὐσέβειαν,<άλλά
1064 1999 1120 2062 διά

101 2106 256 2189 φυλακήν
278 2104 334 2172 καὶ
357 2108 560 2193 διατήρησιν·
575 2107 640 2172 ὑπὸ
659 2108 883 2190 τοῦ-φθόνου.
922 2105 1031 2188 (257)
1055 2103 1119 2169 άπὸ

100 2213 163 2297 γάρ
187 2215 336 2297 μείζονος
358 2207 397 2296 ής
415 2214 629 2299 προσεδόκων
646 2213 785 2290 ἐὐνοίας
806 2221 905 2278 τοῦτο
928 2218 1038 2278 ποιεῖν
1061 2212 1120 2276 τὸν

58 2335 86 2376 20
100 2323 250 2404 Δαρεῖον
271 2318 574 2404 ὑπολαμβάνοντες,
588 2320 643 2397 ’ώς
665 2318 720 2385 καὶ
738 2321 1030 2405 καταφρονήσαντι
1052 2328 1120 2383 τῶν

101 2424 240 2490 ἐκείνου·
253 2425 517 2510 προσταγμάτων
535 2428 740 2510 ’συγγνώμην
761 2423 899 2510 έτοίμως
917 2424 1042 2509 νέμειν,
1064 2418 1120 2488 καὶ

100 2531 182 2596 αὐτὸ
205 2539 303 2596 τοῦτο
318 2534 563 2615 βασκαίνοντες
589 2541 634 2618 τῷ
657 2533 831 2618 Δανιήλφ,
860 2532 937 2594 οὔτε
964 2529 1120 2612 μετεβάλ-

99 2644 199 2704 λοντο
223 2636 312 2722 ’πρὸς
327 2639 374 2710 ,τὸ
402 2637 625 2723 ἡμερώτερον,
653 2635 782 2720 ῥίπτειν
810 2632 841 2697 δ’
873 2635 975 2699 αὐτὸν
1002 2631 1119 2714 ήξίουν

97 2744 191 2808 κατά-
205 2745 272 2808 τὸν*
286 2745 391 2827 νόμον
415 2745 462 2819 είς
484 2743 544 2806 τὸν
566 2741 689 2806 λάκκον
716 2750 783 2804 τῶν
808 2740 963 2804 λεόντων.
1007 2737 1117 2820 <258>

57 2867 84 2908 25
100 2848 236 2926 ἐλπίσας
259 2846 290 2913 δ’
317 2848 334 2913 ὁ
357 2853 502 2934 Δαρείος
525 2847 576 2912 ὅτι
598 2846 733 2933 ῥύσεται
756 2846 793 2909 τὸ
816 2850 914 2910 θείου
938 2843 1041 2908 αὐτὸν
1062 2839 1118 2906 καὶ

99 2952 201 3020 οὐδὲν
224 2955 268 3038 μή
286 2955 380 3039 πάθη
399 2955 512 3020 δεινὸν
530 2954 595 3019 ὑπὸ
614 2964 682 3018 τῶν
699 2955 842 3038 θηρίων,
866 2948 1037 3015 ἐκέλευσεν
1060 2948 1128 3046 αὐ·Ι
1151 2994 1153 2998 ⁴

98 3063 158 3127 τὸν
187 3060 342 3144 εὐθύμως
369 3058 486 3146 φέρειν
512 3062 552 3125 τά
575 3062 810 3143 συμβαίνοντα.
855 3053 910 3122 καὶ
933 3051 1118 3139 βληθέντος

100 3169 147 3243 είς
170 3169 230 3231 τὸν
253 3167 391 3249 λάκκον,
414 3168 605 3251 ’σφραγίσας
632 3166 692 3230 τὸν
721 3161 774 3230 ἐπὶ
802 3171 862 3228 τοῦ
890 3163 1029 3244 στομίου
1051 3163 1117 3224 κεί-

98 3294 202 3354 μενον
214 3269 300 3346 ίάντὶ
319 3272 428 3357 θύρας
446 3273 547 3335 λίθον
566 3270 784 3354 ἀνεχώρησεν,
807 3267 861 3334 καὶ
883 3265 927 3332 δι’
950 3266 1028 3348 ὅλης
1046 3266 1117 3330 άσι-

56 3395 84 3436 20
98 3401 156 3454 τος
178 3386 237 3460 τής
258 3379 378 3453 νυκτὸς
401 3372 456 3441 καὶ
479 3376 606 3453 άυπνος
629 3377 755 3458 διῆγεν,
781 3374 935 3456 ἀγωνιῶν
958 3368 1033 3458 περὶ
1056 3380 1116 3436 τοῦ

171 3504 186 3563 ἓ
201 3505 254 3553 254
269 3525 303 3543 =
317 3497 387 3550 Dan.
402 3496 442 3550 VI
457 3503 498 3552 10.

153 3598 280 3638 Iosnms,
301 3597 333 3636 IL
930 3587 976 3636 Ἃ
