2400 3840
115 115 182 179 350
485 113 760 166 APmOAomz

114 273 356 352 σκεδασθέντες
369 274 451 339 κατὰ
465 275 526 358 τὴν
539 275 661 360 χώραν,
676 272 789 356 ἐπειδὴ
802 275 883 351 τοὺς
897 275 1116 359 Βαβυλωνίους

115 383 265 465 ἥκουσαν
289 381 579 466 ἀνακεχωρηκότας
605 378 661 446 καὶ
684 381 827 458 λείψανά
850 406 927 446 τινα
949 386 1117 446 καταλελοι-

115 493 218 566 πότας
241 487 277 553 έν
300 497 339 574 τῇ
358 499 425 554 τῶν
440 487 680 574 Ἱεροσολύμων
699 497 741 573 γῇ
760 491 839 564 τοὺς
857 489 984 570 ταύτην
1002 487 1117 571 ἐργασο-
1141 519 1142 523 ,

115 594 251 680 μένους,
279 592 517 679 συλλεχθέντες
543 595 756 678 πανταχόθεν
778 588 862 677 ἧκον
884 596 971 680 πρὸς
993 596 1050 659 τὸν
1071 595 1118 657 Γο
1142 603 1143 606 ’

116 702 234 766 δολίαν
262 703 309 778 είς
336 700 546 785 Μασφαθάν.
592 701 709 785 <160>
735 699 896 784 ἡγεμόνες
924 698 956 765 δ’
986 696 1069 784 ἦσαν
1092 698 1144 762 ε’νι

115 808 230 884 αὐτοῖς
249 806 404 890 Ἰωάννης
426 808 501 884 υίὸς
518 806 652 894 Καρέου
674 804 730 872 καὶ
750 805 905 885 Ἰεζανίας
928 805 985 872 καὶ
1005 804 1118 890 Σαρέας

116 912 171 979 καὶ
194 913 300 1000 ἕτεροι
322 915 406 1000 πρὸς
428 915 567 990 τούτοις.
613 912 649 978 ἐκ
672 910 710 978 δὲ
731 922 792 978 τοῦ
815 910 993 996 βασιλικοῦ
1018 912 1118 995 γένους

116 1015 159 1102 ην
177 1043 227 1096 τις
243 1016 422 1102 Ἰσμαῆλος,
445 1020 592 1105 πονηρὸς
610 1017 693 1106 ἀνὴρ
712 1017 767 1083 καὶ
786 1019 999 1102 δολιώτατος,
1021 1019 1057 1095 ὃς
1074 1039 1119 1082 πο

116 1121 365 1208 λιορκουμένων
392 1135 459 1189 τῶν
478 1121 717 1212 Ἱεροσολύμων
744 1127 848 1209 ἔφυγε
875 1127 963 1210 πρὸς
985 1128 1043 1191 τὸν
1061 1122 1120 1207 Ἀμ-

116 1240 264 1314 μανιτῶν
283 1229 421 1314 βασιλέα
435 1229 583 1315 Βααλεὶμ
601 1229 657 1296 καὶ
676 1232 856 1315 συνδιῆγεν
876 1233 967 1320 αύτῷ
984 1234 1043 1297 τὸν
1058 1232 1145 1317 χρό-ιο

117 1360 179 1402 νον
202 1334 340 1403 ἐκεῖνον.
378 1337 488 1421 <161>
509 1339 650 1416 τούτους
672 1341 789 1404 τοίνυν
806 1337 1013 1423 γενομένους
1034 1338 1122 1403 αὐτοῦ
1153 1366 1154 1370 ’

118 1446 281 1521 Γοδολίας
308 1446 417 1509 ἔπεισε
443 1442 571 1529 μένειν,
601 1444 719 1510 αὐτίκα
747 1441 852 1529 μηδὲν
879 1445 1033 1522 δεδιότας
1059 1445 1123 1517 τοὺς

117 1553 368 1633 Βαβυλωνίους·
392 1559 622 1635 γεωργοῦντας
644 1552 707 1637 γάρ
725 1551 788 1633 τὴν
809 1551 923 1638 χώραν
946 1549 1050 1617 οὐδέν
1066 1550 1123 1615 πεί-

117 1660 236 1720 σεσθαι
261 1656 382 1721 δεινόν.
427 1654 518 1722 ταῦτ’
545 1658 649 1741 ὀμνὺς
672 1657 786 1733 αὐτοῖς
809 1658 1054 1741 διεβεβαιοῦτο,
1079 1651 1124 1720 καί

116 1761 305 1848 προστάτην
332 1762 435 1828 αὐτὸν
463 1765 551 1848 ἔχειν
573 1761 694 1847 λέγων,
722 1761 812 1847 ὥστ’,
841 1770 874 1827 εί
896 1788 948 1840 τις
974 1748 1159 1849 ένοχλοίημί

117 1867 292 1946 τεύξεσθαι
309 1877 368 1952 τῆς
386 1872 588 1956 προθυμίας,
612 1871 720 1953 <162>
743 1867 799 1934 καὶ
819 1871 1043 1952 συνεβούλευε
1061 1891 1126 1934 κατ·
1162 1891 1164 1914 ι

117 1986 222 2040 οικεῖν
245 1975 287 2058 ἣν
309 1974 445 2052 ἕκαστος
468 1977 623 2059 βούλεται
645 1979 755 2060 πόλιν,
778 1975 973 2042 ἀποστελεῖν
997 2001 1032 2041 τε
1057 1973 1125 2059 μετά

116 2091 184 2145 τῶν
208 2083 305 2146 ίδίων
327 2081 513 2158 ἀνακτίζειν
535 2083 575 2146 τδι
596 2080 702 2166 ἐδάφη
721 2078 776 2146 καὶ
794 2093 975 2146 κατοικεῖν·
999 2075 1128 2170 προεῖπέ

117 2208 152 2248 τε
174 2187 481 2268 παρασκευάζεσθαι
504 2187 636 2270 αύτούς,
660 2187 721 2265 ἕως
740 2190 787 2254 ἔτι
805 2191 919 2273 καιρός
938 2187 1020 2272 έστι,
1045 2188 1127 2253 σῖτόν

116 2313 151 2353 τε
173 2287 229 2352 καὶ
253 2284 348 2354 οἶνον
370 2289 424 2354 καί
449 2294 572 2373 έλαιον,
597 2293 684 2369 ὅπως
703 2297 802 2378 έχωσι
822 2297 878 2360 διὰ
896 2303 956 2359 τοῦ
975 2307 1157 2380 χειμῶνοςῦ

116 2393 309 2481 τρέφεσθαι.
345 2404 447 2460 ταῦτα
467 2395 656 2480 διαλεχθείς
674 2401 757 2485 πρὸς
776 2402 898 2477 αὐτοὺς
916 2400 1061 2467 άπέλυσε
1079 2407 1128 2481 της

117 2503 226 2589 χώρας
249 2504 296 2580 είς
319 2500 359 2569 δν
381 2501 517 2581 ἕκαστος
541 2501 695 2588 έβούλετο
719 2508 831 2572 τόπου.
994 2499 999 2506 ’

83 2630 98 2678 3
184 2611 300 2694 <163>
334 2611 580 2699 διαδραμούσης
612 2607 649 2676 δὲ
680 2614 792 2698 φήμης
824 2614 871 2689 είς
902 2614 942 2677 τδι
972 2612 1049 2700 περὶ
1076 2613 1131 2695 τὴν

115 2715 281 2784 Ἰουδαίαν
309 2721 408 2803 ἔθνη,
436 2721 487 2785 δτι
514 2723 592 2797 τοὺς
619 2718 682 2784 άπὸ
711 2729 769 2803 τῆς
795 2728 906 2803 φυγῆς
927 2716 1006 2804 παρ’
1034 2720 1132 2784 αὐτὸν

118 2823 280 2900 ἐλθόντας
300 2827 461 2902 Γοδολίας
485 2825 616 2904 ἐδέξατο
639 2825 888 2911 φιλανθρώπως
910 2823 965 2889 καὶ
989 2827 1052 2909 τὴν
1073 2834 1164 2908 γῦνύ

119 2928 231 3006 αὐτοῖς
249 2939 433 3014 γεωργοῦσι
452 2944 618 2997 κατοικεῖν
637 2930 770 3016 ἐφῆκεν,
789 2929 842 3016 ἐφ’
860 2925 1009 3018 ᾧτελεῖν
1027 2935 1134 3017 φόρον

117 3044 162 3121 τῷ
186 3038 406 3122 Βαβυλωνίῳ,
430 3035 639 3120 συνέδραμον
662 3035 757 3103 αὐτοὶ
780 3039 863 3122 πρὸς
885 3038 944 3100 τὸν
969 3040 1135 3104 Γοδολίαν

117 3139 172 3205 καί
196 3141 257 3222 την
283 3141 394 3224 χώραν
421 3139 622 3227 κατῴκησαν.
669 3142 788 3227 <164>
812 3145 1078 3226 κατανοήσαντες
1100 3142 1136 3209 δέ

117 3248 179 3330 την
201 3247 313 3331 χώραν
335 3243 390 3309 καὶ
413 3245 474 3328 τὴν
496 3255 557 3310 τοῦ
581 3248 747 3313 Γοδολίου
773 3253 976 3336 χρηστότητα
1001 3250 1057 3315 καὶ
1081 3276 1136 3335 φι-

117 3355 337 3437 λανθρωπίαν
351 3348 506 3433 Ἰωάννης
523 3349 579 3416 καί
597 3353 632 3417 οί
648 3351 716 3438 μετ’
736 3353 840 3449 αύτρῦ
858 3355 1017 3441 ἡγεμόνες
1035 3359 1164 3445 ὑπερ-31

189 3478 204 3538 ς
221 3478 270 3526 159
288 3499 319 3518 =
334 3478 351 3526 4
364 3471 433 3539 Reg.
448 3472 526 3526 XXV
541 3479 587 3541 233
606 3474 702 3529 Ierem.
717 3472 817 3527 XLVII
832 3482 855 3530 7.
