2400 3840
121 143 188 207 124
463 206 468 215 ,
490 143 766 196 λεωολοτιιε

122 305 160 371 ἐν
182 317 252 383 τοῖς
266 303 508 392 Ἱεροσολύμοις
531 307 585 387 ἔτη
610 305 683 386 δύο,
706 315 809 388 τριῶν
832 300 893 387 μὲν
911 303 1065 387 ἀρρένων
1084 325 1141 367 πα-

122 413 183 498 τὴρ
202 416 390 496 γενόμενος,
413 422 491 497 μιᾶς
509 408 546 475 δὲ
564 414 744 496 θυγατρός,
763 411 824 493 τὴν
842 410 977 494 μορφὴν
996 408 1142 493 ἀρίστης,

122 519 165 600 ἣν
188 518 206 584 ὁ
226 524 429 603 Σολομῶνος
452 520 525 594 υίὸς
540 516 715 602 Ῥοβόαμος
732 518 874 601 ὕστερον
892 515 1065 600 λαμβάνει,
1089 513 1141 580 καὶ

123 628 249 706 γίνεται
272 625 409 689 παιδίον
432 624 465 703 ἐξ
488 624 604 707 αὐτῆς,
629 621 740 706 Ἀβίας
767 625 881 706 ὄνομα.
927 623 1038 704 <191>
1063 621 1140 705 πέμ-

122 742 189 809 ψας
208 729 238 795 δ’
260 729 516 814 ὁἉβεσάλωμος
533 730 617 815 πρὸς
629 727 765 812 Ἰώαβον
784 725 880 793 ἐδεῖτ’
902 727 1006 791 αὐτοῦ
1025 726 1162 802 τελέωςό

41 909 43 914 ,
122 846 350 921 καταπράῠναι
382 837 442 900 τὸν
472 834 612 919 πατέρα,
648 832 702 898 καὶ
735 836 898 918 δεηθῆναι
930 834 1021 910 ὅπως
1053 834 1139 919 αὐτῷ

123 943 320 1026 συγχωρήσῃ
338 942 422 1026 πρὸς
435 941 539 1005 αὐτὸν
555 939 690 1005 ε’λθόντι
709 940 903 1005 θεάσασθαί
912 963 948 1004 τε
966 937 1022 1003 καὶ
1041 955 1140 1023 προσ-

123 1059 242 1137 ειπεῖν..
275 1048 568 1130 ’καταμελήσαντος
595 1044 626 1110 δ’
654 1044 805 1131 Ἰωάβου,
832 1057 899 1110 τῶν
927 1046 1025 1110 ἰδίων
1050 1045 1140 1120 τινάς

123 1152 319 1228 ἀποστείλας
345 1153 407 1234 την
434 1153 624 1237 ὁμοροῦσαν
651 1153 740 1240 αὐτῷ
764 1154 876 1239 χώραν
903 1150 1140 1236 ἐπυρπόλησεν.

123 1257 141 1322 ὃ
170 1253 207 1322 δὲ
234 1259 272 1322 τὸ
299 1254 451 1344 πραχθέν
478 1258 599 1342 μαθὼν
625 1252 684 1340 ἧκε
710 1260 794 1342 πρὸς
820 1260 880 1323 τὸν
901 1255 1140 1342 Ἀβεσάλωμον,
1153 1275 1174 1313 1⁰

124 1363 272 1446 ἐγκαλῶν
290 1361 319 1428 τ’
341 1360 503 1450 αὐτῷκαὶ
522 1363 584 1444 τὴν
602 1365 713 1428 αἰτίαν
731 1367 996 1448 πυνθανόμενος.
1032 1364 1141 1446 <192>

123 1471 141 1536 ὁ
162 1468 198 1535 δὲ
218 1470 440 1554 ςστρατήγημα
458 1466 566 1533 τοῦτ”
591 1464 683 1534 εἶπεν
706 1465 823 1555 ἠὗρον
845 1469 983 1552 ἀγαγεῖν
1004 1485 1041 1534 σε
1060 1472 1142 1554 πρὸς

122 1575 207 1660 ἡμᾶς
235 1575 424 1657 δυνάμενον
451 1573 637 1657 ἀμελοῦντα
664 1586 732 1639 τῶν
756 1573 914 1658 ἐντολῶν,
942 1575 981 1651 ἃς
1006 1576 1064 1639 ἵνα
1087 1599 1143 1659 μοι

123 1683 182 1746 τὸν
205 1678 329 1766 πατέρα
353 1680 530 1765 διαλλάξῃς
557 1679 748 1765 ἐποιούμην.
793 1679 848 1745 καὶ
874 1682 915 1764 δὴ
939 1679 1061 1765 δέομαί
1082 1698 1143 1747 σου

123 1790 288 1874 παρόντος
316 1787 487 1872 ἡμερῶσαί
516 1810 573 1871 μοι
604 1789 664 1851 τὸν
695 1787 929 1869 γεγεννηκότα,
961 1786 1007 1862 ὡς
1039 1789 1144 1870 ἔγωγε
1158 1805 1180 1846 15

124 1893 317 1980 δεινοτέραν
339 1902 398 1977 τῆς
416 1902 527 1978 φυγῆς
549 1895 652 1979 κρίνω
672 1893 733 1975 τὴν
751 1892 911 1974 κάθοδον,
935 1893 983 1956 ἔτι
1001 1902 1063 1957 τοῦ
1083 1916 1143 1958 πα-

123 2003 200 2086 τρὸς
215 2000 251 2065 ἐν
266 2001 347 2084 ὀργῇ
363 1997 599 2082 διαμένοντος.’
636 1999 746 2082 <193>
762 1995 912 2072 πεισθεὶς
931 1995 961 2060 δ’
979 1995 1143 2084 ὁἸώαβος

122 2104 178 2170 καὶ
206 2107 267 2187 τὴν
290 2105 439 2186 ἀνάγκην
466 2105 569 2168 αὐτοῦ
596 2107 821 2189 κατοικτείρας
844 2103 1031 2187 ἐμεσίτευσε
1059 2109 1143 2190 πρὸς

122 2210 183 2274 τὸν
210 2207 361 2292 βασιλέα,
392 2206 447 2271 καὶ
475 2206 664 2291 διαλεχθεὶς
690 2207 767 2292 περί
793 2218 853 2273 τοῦ
885 2210 1004 2285 παιδὸς
1037 2210 1143 2288 οὕτως

122 2313 226 2378 αὐτὸν
248 2310 353 2394 ἡδέως
376 2313 569 2393 διατίθησιν
592 2313 637 2388 ὡς
660 2312 787 2389 εὐθέως
814 2314 949 2379 καλέσαι
976 2319 1061 2401 πρὸς
1083 2318 1182 2383 αὑ-ιο

123 2422 191 2484 τόν.
237 2427 296 2482 τοῦ
325 2413 362 2481 δὲ
389 2417 548 2502 ῥίψαντος
576 2417 679 2483 αὑτὸν
709 2416 762 2483 έπὶ
789 2421 958 2505 τοῦδαφος
982 2420 1038 2486 καὶ
1062 2439 1142 2506 συγ-

123 2526 259 2609 γνώμην
282 2523 480 2608 αίτουμένου
498 2535 567 2589 τῶν
586 2524 835 2612 ἡμαρτημένων,
858 2526 1013 2610 ἀνίστησί
1032 2529 1142 2594 τεκαὶ

123 2642 191 2698 τῶν
214 2634 400 2716 γεγονότων
423 2631 607 2715 ἀμνηστίαν
630 2631 873 2716 ἐπαγγέλλεται.

84 2740 104 2804 9
192 2740 299 2824 <194>
323 2740 340 2805 ὁ
365 2736 395 2803 δ’
414 2736 652 2825 Ἀβεσάλωμος,
674 2741 836 2805 τοιούτων
859 2741 948 2828 αὐτῷ
966 2752 1035 2806 τῶν
1052 2745 1142 2828 παρὰ

123 2855 183 2911 τοῦ
206 2847 328 2930 πατρὸς
351 2842 406 2909 καὶ
429 2844 591 2929 βασιλέως
609 2845 816 2929 ἀποβάντων,
839 2850 984 2923 πολλοὺς
1006 2844 1068 2931 μέν
1089 2851 1142 2913 ίπ-
1156 2867 1181 2908 ιε

124 2975 208 3026 πους
231 2948 268 3013 έν
285 2948 386 3036 ὀλίγῳ
405 2950 494 3015 πάνυ
512 2953 621 3036 χρόνῳ
645 2950 750 3013 πολλὰ
770 2946 801 3012 δ’
823 2950 951 3035 ἀρματα
972 2952 1141 3037 έκτησατο,

123 3054 179 3119 καὶ
194 3055 376 3139 ὁπλοφόροι
390 3052 467 3140 περὶ
481 3054 583 3119 αὐτὸν
596 3048 682 3135 ἦσαν
699 3056 917 3136 πεντήκοντα·
936 3058 1045 3142 <195>
1059 3058 1138 3125 καθ’

125 3159 264 3242 ἑκάστην
287 3156 317 3222 δ’
342 3157 469 3245 ἡμέραν
492 3162 631 3246 ὁρθριος
657 3161 741 3246 πρὸς
767 3162 806 3224 τὰ
832 3165 983 3245 βασίλεια
1005 3169 1141 3251 παρεγί-

124 3290 210 3348 νετο,
228 3263 282 3329 καὶ
301 3277 372 3343 τοῖς
390 3264 443 3331 έπὶ
461 3267 519 3343 τὰς
536 3269 661 3352 κρίσεις
678 3265 796 3348 ἥκουσι
814 3265 869 3332 καὶ
889 3267 1141 3356 ἐλαττουμένοις

123 3373 207 3457 πρὸς
229 3369 356 3453 ἡδονὴν
379 3373 515 3456 ὁμιλῶν,
538 3372 583 3448 ὡς
600 3373 689 3458 παρά
709 3374 747 3436 τὸ
766 3373 810 3456 μὴ
830 3377 1041 3459 συμβούλους
1060 3378 1140 3461 ἀγα-
1154 3399 1181 3438 ιο

194 3496 209 3557 ς
230 3497 279 3545 τοι
302 3517 336 3536 -
355 3497 370 3545 2
390 3492 458 3558 αις.
477 3492 542 3547 xlv
556 3497 598 3547 ιο.

370 3750 462 3770 κῇ..
