2400 3840
136 135 181 197 44
505 134 779 187 ΑΡΧΑΙΟΛΟΓΙΑΣ

137 297 154 362 δ
174 299 329 380 βασιλεὺς
348 295 501 372 Σάουλος
519 291 573 360 καὶ
592 295 610 360 ὁ
630 295 709 370 λαὸς
727 295 822 376 ἅπας,
842 295 994 377 βούλεται
1014 290 1045 356 δ’
1065 293 1154 379 αὐτῷ

135 404 294 485 κηδεῦσαι
318 403 379 485 την
396 399 576 486 θυγατέρα.
614 400 723 483 <2ΟΟ>
743 399 761 464 ὃ
781 399 820 464 δέ
839 400 968 484 μικρὸν
987 397 1040 483 ἄρ’
1061 399 1153 481 ὑμῖν

136 503 207 574 εἷπε
230 509 335 574 (δοκεῖ
360 508 511 592 γαμβρὸν
533 504 691 589 γενέσθαι
719 504 891 590 βασιλέως·
922 503 992 588 ἐμοὶ
1022 503 1052 568 δ’
1079 503 1154 587 οὐχὶ

136 623 290 680 τοιοῦτον
308 617 473 698 φαίνεται,
495 609 550 676 καλ
569 612 709 695 μάλιστα
728 614 800 677 όντι
819 621 962 698 ταπεινῷ
982 608 1037 675 καὶ
1057 610 1155 692 δόξης

135 718 191 785 καὶ
223 729 319 804 τιμῆς
350 717 499 807 ἀμοίρῳ]
549 718 703 793 Σάουλος
732 716 776 800 δ’,
807 717 1033 800 ἀγγειλάντων
1065 717 1181 803 αὐτῷο

136 838 204 891 τῶν
227 829 364 892 οἰκετῶν
387 827 445 902 τὰς
467 833 527 890 τοῦ
549 826 705 889 Δαυίδου
728 824 932 909 ἀποκρίσεις,
956 823 1008 888 ‘01’2
1031 823 1154 907 χρημα-

136 931 215 997 των’
240 935 302 1015 ἔφη
327 931 477 997 δεῖσθαί
493 955 532 1015 με
551 931 689 1015 φράζετε
709 931 797 1018 αὐτῷ
817 929 890 995 οὐδ’
913 931 1019 994 ἔδνων
1038 929 1154 1012 (ἀπεμ-

136 1043 243 1103 πολᾶν
266 1039 329 1122 γάρ
353 1036 422 1102 ἐστι
445 1046 542 1102 τοῦτο
566 1038 627 1120 την
649 1035 821 1121 θυγατέρα
848 1041 974 1121 μᾶλλον
997 1033 1017 1116 ἢ
1041 1052 1154 1098 συνοι·

135 1142 267 1230 κίζειν),
295 1147 446 1228 γαμβροῦ
475 1141 505 1206 δ’
532 1142 691 1226 ἀνδρείαν
719 1145 852 1226 ἔχοντος
878 1139 933 1205 καλ
961 1141 1022 1223 την
1049 1142 1154 1222 ἄλλην

136 1248 258 1332 ἀρετὴν
272 1250 413 1331 ἅπασαν,
426 1249 469 1332 ἣν
483 1250 566 1333 ὁρᾶν
580 1248 796 1332 ὑπάρχουσαν
815 1247 913 1334 αὐτῷ.
950 1248 1060 1329 <201>
1076 1249 1153 1331 βού-
1170 1269 1193 1307 ιο

137 1360 256 1421 λεσθαι
284 1356 325 1437 δή
349 1378 388 1438 με
410 1352 488 1439 παρ’
514 1354 618 1419 αὐτοῦ
641 1358 756 1438 λαβεῖν
785 1351 858 1418 ἀντὶ
882 1363 942 1418 τοῦ
965 1354 1073 1437 γόμου
1096 1364 1154 1436 τῆς

137 1462 307 1546 θυγατρὸς
334 1460 375 1525 οὐ
401 1462 528 1544 χρυσὸν
555 1457 628 1525 οὐδ’
654 1461 817 1544 ι’ίργυρον,
845 1456 918 1524 οὐδ’
945 1460 1033 1535 ὅπως
1060 1458 1151 1523 ταῦτ’

138 1565 173 1630 ἐκ
201 1577 269 1630 τῶν
300 1575 360 1630 τοῦ
390 1567 515 1650 πατρὸς
542 1568 657 1631 οίκιῶν
684 1569 817 1648 κομίση,
851 1568 1087 1629 Παλαιστινῶν
1118 1562 1154 1628 δὲ

136 1675 299 1756 τιμωρίαν
321 1669 376 1735 καὶ
399 1673 545 1755 κεφαλὰς
568 1672 678 1736 αὐτῶν
706 1669 884 1749 ἑξακοσίας.
930 1670 1039 1753 <202>
1065 1670 1153 1756 αὐτῷ

135 1801 171 1843 τε
194 1779 256 1862 γὰρ
281 1775 354 1862 ἐμοὶ
376 1779 505 1844 τούτων
528 1774 629 1842 οὐδὲν
652 1776 694 1841 δν
717 1778 793 1842 οὔτε
816 1779 1054 1860 ποθεινότερον
1078 1777 1154 1840 οὔτε
1170 1794 1193 1834 15

136 1887 365 1970 λαμπρότερον
388 1885 465 1950 οὔτε
487 1886 725 1969 προτιμότερον
749 1884 859 1967 δῶρον
885 1881 1029 1964 γένοιτο,
1057 1891 1095 1965 τη
1120 1904 1154 1945 τε

136 1991 234 2055 παιδί
254 2014 319 2074 μου
341 1994 428 2056 πολὺ
450 2001 517 2054 τῶν
539 1987 788 2073 νενομισμένων
807 1990 915 2053 ἔδνων
934 1990 1154 2072 ζηλωτότερον

136 2095 173 2159 τὸ
193 2107 363 2160 συνοικεῖν
381 2093 480 2180 ἀνδρὶ
497 2097 637 2184 τοιούτςο
656 2093 712 2160 καλ
730 2093 988 2181 μαρτυρουμένῳ
1008 2094 1154 2175 τὴντῶν

136 2204 305 2283 πολεμίων
327 2196 450 2283 ἦτταν.’

102 2324 117 2372 3
203 2305 312 2387 <203>
335 2304 566 2389 κομισθέντων
594 2302 631 2370 δὲ
658 2307 786 2371 τούτων
808 2308 892 2390 πρὸς
916 2308 976 2371 τὸν
998 2308 1154 2388 Δαυίδην
1167 2326 1192 2365 20

137 2422 204 2474 τῶν
227 2413 347 2493 λόγων,
369 2408 487 2493 ἡσθεὶς
510 2408 563 2475 ἐπὶ
584 2420 631 2499 τῷ
653 2412 713 2476 τὸν
734 2412 890 2476 Σάουλον
914 2410 1154 2477 ἐσπουδακέναι

136 2519 283 2601 νομίζειν
314 2516 422 2582 αὐτοῦ
453 2513 528 2601 περὶ
561 2517 622 2600 τὴν
654 2516 865 2600 συγγένειαν,
902 2514 982 2583 οὐδὲ
1016 2520 1154 2601 βουλεύ-

137 2630 262 2688 σασθαι
285 2628 491 2710 περιμείνας,
519 2621 592 2690 οὐδ’
618 2626 649 2689 εί
671 2625 816 2690 δυνατὸν
843 2623 863 2707 ἢ
892 2625 1056 2689 δύσκολόν
1085 2624 1153 2690 ἐστι

136 2733 173 2795 τὸ
197 2735 416 2816 προκείμενον
439 2733 538 2816 ἔργον
561 2740 606 2819 τῷ
629 2737 774 2817 λογισμῷ
801 2732 1015 2815 περινοήσας,
1045 2732 1153 2815 ὥρμη-

137 2852 195 2900 σεν
219 2837 323 2913 εὐθὺς
350 2838 430 2920 μετὰ
453 2845 511 2920 τῆς
535 2835 680 2921 ἑταιρίας
707 2833 759 2900 ἐπὶ
786 2839 864 2911 τοὺς
891 2839 1070 2919 πολεμίους
1097 2835 1152 2901 καὶ
1168 2855 1193 2896 ει

136 2942 198 3023 τὴν
220 2938 304 3024 ὑπὲρ
327 2951 387 3006 τοῦ
411 2942 520 3025 γόμου
542 2939 808 3024 κατηγγελμένην
830 2941 960 3026 πρᾶξιν,
982 2947 1041 3007 καί
1058 2941 1154 3028 (θεὸς

136 3050 199 3132 γὰρ
222 3042 265 3130 ἦν
288 3046 306 3112 ὁ
327 3047 434 3111 πάντα
452 3058 559 3111 ποιῶν
578 3047 704 3131 εὐμαρῆ
722 3044 777 3111 καὶ
796 3048 922 3113 δυνατὰ
940 3059 985 3136 τῷ
1003 3049 1154 3137 Δαυίδη)

136 3158 267 3230 κτείνας
288 3156 432 3229 πολλοὺς
454 3151 510 3216 καὶ
532 3154 678 3237 κεφαλὰς
701 3151 880 3232 ἑξακοσίων
898 3154 1072 3238 ἀποτεμὼν
1096 3151 1154 3239 ἧκε

135 3260 219 3343 πρὸς
241 3260 301 3324 τὸν
320 3257 466 3342 βασιλέα,
489 3260 545 3324 διὰ
568 3269 626 3344 τῆς
643 3260 772 3325 τούτων
795 3259 980 3339 ἐπιδείξεως
1000 3262 1059 3325 τὸν
1078 3261 1153 3327 ἀντὶ

136 3365 264 3428 τούτων
287 3366 393 3451 γόμον
416 3364 573 3431 ἀπαιτῶν.
619 3367 728 3450 <204>
751 3366 905 3442 Σοίουλος
929 3364 959 3430 δ’
983 3367 1044 3431 οὐκ
1068 3370 1154 3451 ἔχων
1167 3386 1193 3426 ³0

207 3489 294 3548 §200
314 3512 346 3532 =
369 3494 381 3541 1
402 3485 636 3555 Reg.xv11123.
