<?xml version="1.0" encoding="UTF-8"?>
<!DOCTYPE html PUBLIC "-//W3C//DTD XHTML 1.0 Transitional//EN"
    "http://www.w3.org/TR/xhtml1/DTD/xhtml1-transitional.dtd">
<html xmlns="http://www.w3.org/1999/xhtml" xml:lang="en" lang="en">
 <head>
  <title>
</title>
<meta http-equiv="Content-Type" content="text/html;charset=utf-8" />
  <meta name='ocr-system' content='tesseract 3.04.00' />
  <meta name='ocr-capabilities' content='ocr_page ocr_carea ocr_par ocr_line ocrx_word'/>
</head>
<body>
  <div class='ocr_page' id='page_1' title='image "./operaomniaposti03nabegoog_0383.png"; bbox 0 0 2400 3840; ppageno 0'>
   <div class='ocr_carea' id='block_1_1' title="bbox 500 99 1120 222">
    <p class='ocr_par' dir='ltr' id='par_1_1' title="bbox 500 99 1120 222">
     <span class='ocr_line' id='line_1_1' title="bbox 500 99 1120 222; baseline 0 0"><span class='ocrx_word' id='word_1_1' title='bbox 500 129 502 133; x_wconf 77' lang='grc'><strong>’</strong></span> <span class='ocrx_word' id='word_1_2' title='bbox 541 157 687 209; x_wconf 65' lang='lat' dir='ltr'><em>mma</em></span> <span class='ocrx_word' id='word_1_3' title='bbox 1052 99 1120 222; x_wconf 80' lang='grc' dir='ltr'><em>ενο</em></span> 
     </span>
    </p>
   </div>
   <div class='ocr_carea' id='block_1_2' title="bbox 58 309 1155 3469">
    <p class='ocr_par' dir='ltr' id='par_1_2' title="bbox 58 309 1155 3469">
     <span class='ocr_line' id='line_1_2' title="bbox 102 309 1121 403; baseline 0.001 -21"><span class='ocrx_word' id='word_1_4' title='bbox 102 317 193 398; x_wconf 85' lang='grc' dir='ltr'><em>όντι,</em></span> <span class='ocrx_word' id='word_1_5' title='bbox 220 309 246 403; x_wconf 75' lang='grc' dir='ltr'><em>ᾧ</em></span> <span class='ocrx_word' id='word_1_6' title='bbox 273 317 378 402; x_wconf 80' lang='grc' dir='ltr'><em>μήτηρ</em></span> <span class='ocrx_word' id='word_1_7' title='bbox 407 314 443 381; x_wconf 80' lang='grc' dir='ltr'><em>ἐκ</em></span> <span class='ocrx_word' id='word_1_8' title='bbox 469 318 595 392; x_wconf 91' lang='grc' dir='ltr'><em>πόλεως</em></span> <span class='ocrx_word' id='word_1_9' title='bbox 622 311 684 400; x_wconf 71' lang='grc' dir='ltr'><em>μὲν</em></span> <span class='ocrx_word' id='word_1_10' title='bbox 710 310 754 398; x_wconf 72' lang='grc' dir='ltr'><em>ἦν</em></span> <span class='ocrx_word' id='word_1_11' title='bbox 775 319 937 400; x_wconf 89' lang='grc' dir='ltr'><em>Βοσκεθί,</em></span> <span class='ocrx_word' id='word_1_12' title='bbox 962 315 1056 395; x_wconf 82' lang='grc' dir='ltr'><em>Ἰεδλς</em></span> <span class='ocrx_word' id='word_1_13' title='bbox 1083 317 1121 383; x_wconf 72' lang='grc' dir='ltr'><em>δὲ</em></span> 
     </span>
     <span class='ocr_line' id='line_1_3' title="bbox 102 415 1121 508; baseline 0.003 -22"><span class='ocrx_word' id='word_1_14' title='bbox 102 422 260 506; x_wconf 84' lang='grc' dir='ltr'><em>τούνομα.</em></span> <span class='ocrx_word' id='word_1_15' title='bbox 305 420 401 504; x_wconf 83' lang='grc'>&lt;49&gt;</span> <span class='ocrx_word' id='word_1_16' title='bbox 425 421 487 504; x_wconf 83' lang='grc' dir='ltr'><em>την</em></span> <span class='ocrx_word' id='word_1_17' title='bbox 514 417 551 486; x_wconf 71' lang='grc' dir='ltr'><em>δὲ</em></span> <span class='ocrx_word' id='word_1_18' title='bbox 578 422 683 505; x_wconf 85' lang='grc' dir='ltr'><em>φύσιν</em></span> <span class='ocrx_word' id='word_1_19' title='bbox 710 415 808 498; x_wconf 86' lang='grc' dir='ltr'><em>οὗτος</em></span> <span class='ocrx_word' id='word_1_20' title='bbox 835 423 969 507; x_wconf 83' lang='grc' dir='ltr'><em>ἀριστος</em></span> <span class='ocrx_word' id='word_1_21' title='bbox 994 423 1121 508; x_wconf 79' lang='grc' dir='ltr'><em>ὑπῆρχε</em></span> 
     </span>
     <span class='ocr_line' id='line_1_4' title="bbox 101 520 1121 613; baseline 0 -21"><span class='ocrx_word' id='word_1_22' title='bbox 101 526 160 592; x_wconf 81' lang='grc' dir='ltr'><em>καὶ</em></span> <span class='ocrx_word' id='word_1_23' title='bbox 183 528 266 613; x_wconf 91' lang='grc' dir='ltr'><em>πρὸς</em></span> <span class='ocrx_word' id='word_1_24' title='bbox 289 526 410 612; x_wconf 81' lang='grc' dir='ltr'><em>ἀρετὴν</em></span> <span class='ocrx_word' id='word_1_25' title='bbox 433 520 470 591; x_wconf 84' lang='grc' dir='ltr'><em>εὖ</em></span> <span class='ocrx_word' id='word_1_26' title='bbox 492 527 653 610; x_wconf 90' lang='grc' dir='ltr'><em>γεγονώς,</em></span> <span class='ocrx_word' id='word_1_27' title='bbox 678 536 746 592; x_wconf 85' lang='grc' dir='ltr'><em>τών</em></span> <span class='ocrx_word' id='word_1_28' title='bbox 768 528 922 593; x_wconf 89' lang='grc' dir='ltr'><em>Δαυίδου</em></span> <span class='ocrx_word' id='word_1_29' title='bbox 944 535 1004 592; x_wconf 88' lang='grc' dir='ltr'><em>τοῦ</em></span> <span class='ocrx_word' id='word_1_30' title='bbox 1028 529 1121 610; x_wconf 89' lang='grc' dir='ltr'><em>βασι-</em></span> 
     </span>
     <span class='ocr_line' id='line_1_5' title="bbox 101 629 1121 721; baseline 0.001 -23"><span class='ocrx_word' id='word_1_31' title='bbox 101 631 187 710; x_wconf 89' lang='grc' dir='ltr'><em>λέως</em></span> <span class='ocrx_word' id='word_1_32' title='bbox 215 633 358 716; x_wconf 78' lang='grc' dir='ltr'><em>ζηλωτὴς</em></span> <span class='ocrx_word' id='word_1_33' title='bbox 384 631 666 716; x_wconf 74' lang='grc' dir='ltr'><em>ἐπιτηδευμάτων,</em></span> <span class='ocrx_word' id='word_1_34' title='bbox 698 629 753 698; x_wconf 80' lang='grc' dir='ltr'><em>καὶ</em></span> <span class='ocrx_word' id='word_1_35' title='bbox 781 642 892 721; x_wconf 78' lang='grc' dir='ltr'><em>σκοπῷ</em></span> <span class='ocrx_word' id='word_1_36' title='bbox 918 630 974 698; x_wconf 81' lang='grc' dir='ltr'><em>καί</em></span> <span class='ocrx_word' id='word_1_37' title='bbox 1002 636 1121 700; x_wconf 80' lang='grc' dir='ltr'><strong><em>κανόνι</em></strong></span> 
     </span>
     <span class='ocr_line' id='line_1_6' title="bbox 72 736 1121 826; baseline 0.002 -25"><span class='ocrx_word' id='word_1_38' title='bbox 72 748 164 822; x_wconf 81' lang='grc' dir='ltr'><em>ιτης</em></span> <span class='ocrx_word' id='word_1_39' title='bbox 191 739 271 822; x_wconf 86' lang='grc' dir='ltr'><em>ὅλης</em></span> <span class='ocrx_word' id='word_1_40' title='bbox 296 736 372 824; x_wconf 82' lang='grc' dir='ltr'><em>περὶ</em></span> <span class='ocrx_word' id='word_1_41' title='bbox 399 740 459 804; x_wconf 91' lang='grc' dir='ltr'><em>τὸν</em></span> <span class='ocrx_word' id='word_1_42' title='bbox 486 740 562 822; x_wconf 89' lang='grc' dir='ltr'><em>βίον</em></span> <span class='ocrx_word' id='word_1_43' title='bbox 594 737 831 822; x_wconf 78' lang='grc' dir='ltr'><em>ἐπιτηδεύσεως</em></span> <span class='ocrx_word' id='word_1_44' title='bbox 862 737 976 826; x_wconf 81' lang='grc' dir='ltr'><em>ἐκείνῳ</em></span> <span class='ocrx_word' id='word_1_45' title='bbox 1006 761 1121 824; x_wconf 80' lang='grc' dir='ltr'><em>κεχρη-</em></span> 
     </span>
     <span class='ocr_line' id='line_1_7' title="bbox 101 842 1121 929; baseline 0 -20"><span class='ocrx_word' id='word_1_46' title='bbox 101 843 212 929; x_wconf 81' lang='grc' dir='ltr'><strong><em>μένος.</em></strong></span> <span class='ocrx_word' id='word_1_47' title='bbox 254 844 341 929; x_wconf 86' lang='grc'>&lt;50&gt;</span> <span class='ocrx_word' id='word_1_48' title='bbox 363 846 542 928; x_wconf 88' lang='grc' dir='ltr'><em>γενόμενος</em></span> <span class='ocrx_word' id='word_1_49' title='bbox 564 842 596 908; x_wconf 87' lang='grc' dir='ltr'><em>δ’</em></span> <span class='ocrx_word' id='word_1_50' title='bbox 618 843 701 910; x_wconf 81' lang='grc' dir='ltr'><em>ἐτῶν</em></span> <span class='ocrx_word' id='word_1_51' title='bbox 724 844 851 909; x_wconf 91' lang='grc' dir='ltr'><em>δώδεκα</em></span> <span class='ocrx_word' id='word_1_52' title='bbox 868 845 931 929; x_wconf 79' lang='grc' dir='ltr'><em>τὴν</em></span> <span class='ocrx_word' id='word_1_53' title='bbox 949 842 1121 929; x_wconf 91' lang='grc' dir='ltr'><em>εύσέβειαν</em></span> 
     </span>
     <span class='ocr_line' id='line_1_8' title="bbox 100 948 1121 1036; baseline -0.001 -21"><span class='ocrx_word' id='word_1_54' title='bbox 100 948 159 1015; x_wconf 83' lang='grc' dir='ltr'><em>καί</em></span> <span class='ocrx_word' id='word_1_55' title='bbox 186 951 247 1033; x_wconf 79' lang='grc' dir='ltr'><em>τὴν</em></span> <span class='ocrx_word' id='word_1_56' title='bbox 275 951 492 1033; x_wconf 92' lang='grc' dir='ltr'><em>δικαιοσύνην</em></span> <span class='ocrx_word' id='word_1_57' title='bbox 520 948 719 1028; x_wconf 77' lang='grc' dir='ltr'><em>ἐπεδείξατο·</em></span> <span class='ocrx_word' id='word_1_58' title='bbox 752 953 812 1016; x_wconf 91' lang='grc' dir='ltr'><em>τὸν</em></span> <span class='ocrx_word' id='word_1_59' title='bbox 841 952 903 1036; x_wconf 83' lang='grc' dir='ltr'><em>γὰρ</em></span> <span class='ocrx_word' id='word_1_60' title='bbox 931 951 1014 1017; x_wconf 88' lang='grc' dir='ltr'><em>λαὸν</em></span> <span class='ocrx_word' id='word_1_61' title='bbox 1042 948 1121 1015; x_wconf 88' lang='grc' dir='ltr'><em>ἐσω-</em></span> 
     </span>
     <span class='ocr_line' id='line_1_9' title="bbox 102 1052 1122 1143; baseline -0.001 -22"><span class='ocrx_word' id='word_1_62' title='bbox 102 1059 250 1140; x_wconf 82' lang='grc' dir='ltr'><em>φρόνιζε,</em></span> <span class='ocrx_word' id='word_1_63' title='bbox 272 1055 329 1121; x_wconf 86' lang='grc' dir='ltr'><em>καὶ</em></span> <span class='ocrx_word' id='word_1_64' title='bbox 351 1055 492 1143; x_wconf 78' lang='grc' dir='ltr'><em>παρῄνει</em></span> <span class='ocrx_word' id='word_1_65' title='bbox 514 1064 574 1140; x_wconf 79' lang='grc' dir='ltr'><em>τῆς</em></span> <span class='ocrx_word' id='word_1_66' title='bbox 595 1052 671 1141; x_wconf 80' lang='grc' dir='ltr'><em>περὶ</em></span> <span class='ocrx_word' id='word_1_67' title='bbox 693 1067 762 1122; x_wconf 86' lang='grc' dir='ltr'><em>τών</em></span> <span class='ocrx_word' id='word_1_68' title='bbox 784 1057 933 1123; x_wconf 77' lang='grc' dir='ltr'><em>εἰδώλων</em></span> <span class='ocrx_word' id='word_1_69' title='bbox 955 1056 1053 1141; x_wconf 80' lang='grc' dir='ltr'><em>δόξης</em></span> <span class='ocrx_word' id='word_1_70' title='bbox 1075 1056 1122 1133; x_wconf 88' lang='grc' dir='ltr'><em>ώς</em></span> 
     </span>
     <span class='ocr_line' id='line_1_10' title="bbox 103 1159 1121 1253; baseline 0.003 -28"><span class='ocrx_word' id='word_1_71' title='bbox 103 1159 180 1245; x_wconf 79' lang='grc' dir='ltr'><em>οὐχί</em></span> <span class='ocrx_word' id='word_1_72' title='bbox 201 1169 295 1227; x_wconf 82' lang='grc' dir='ltr'><em>θεῶν</em></span> <span class='ocrx_word' id='word_1_73' title='bbox 312 1165 421 1253; x_wconf 85' lang='grc' dir='ltr'><em>όντων</em></span> <span class='ocrx_word' id='word_1_74' title='bbox 438 1161 645 1238; x_wconf 74' lang='grc' dir='ltr'><em>ἀποστάντας</em></span> <span class='ocrx_word' id='word_1_75' title='bbox 663 1160 774 1246; x_wconf 82' lang='grc' dir='ltr'><em>σέβειν</em></span> <span class='ocrx_word' id='word_1_76' title='bbox 791 1164 851 1229; x_wconf 90' lang='grc' dir='ltr'><em>τὸν</em></span> <span class='ocrx_word' id='word_1_77' title='bbox 869 1164 1009 1249; x_wconf 86' lang='grc' dir='ltr'><em>πάτριον</em></span> <span class='ocrx_word' id='word_1_78' title='bbox 1025 1167 1121 1246; x_wconf 90' lang='grc' dir='ltr'><em>θεόν,</em></span> 
     </span>
     <span class='ocr_line' id='line_1_11' title="bbox 58 1265 1155 1356; baseline 0.005 -27"><span class='ocrx_word' id='word_1_79' title='bbox 58 1289 87 1329; x_wconf 82' lang='grc' dir='ltr'><em>ιο</em></span> <span class='ocrx_word' id='word_1_80' title='bbox 101 1266 145 1331; x_wconf 91' lang='grc' dir='ltr'><em>τά</em></span> <span class='ocrx_word' id='word_1_81' title='bbox 167 1291 202 1332; x_wconf 96' lang='grc' dir='ltr'><em>τε</em></span> <span class='ocrx_word' id='word_1_82' title='bbox 224 1280 293 1333; x_wconf 83' lang='grc' dir='ltr'><em>τῶν</em></span> <span class='ocrx_word' id='word_1_83' title='bbox 314 1270 490 1354; x_wconf 89' lang='grc' dir='ltr'><em>προγόνων</em></span> <span class='ocrx_word' id='word_1_84' title='bbox 513 1265 701 1333; x_wconf 81' lang='grc' dir='ltr'><em>ἐπισκοπῶν</em></span> <span class='ocrx_word' id='word_1_85' title='bbox 729 1270 809 1354; x_wconf 83' lang='grc' dir='ltr'><em>ἔργα</em></span> <span class='ocrx_word' id='word_1_86' title='bbox 830 1270 871 1333; x_wconf 83' lang='grc' dir='ltr'><em>τά</em></span> <span class='ocrx_word' id='word_1_87' title='bbox 893 1265 955 1353; x_wconf 71' lang='grc' dir='ltr'><em>μὲν</em></span> <span class='ocrx_word' id='word_1_88' title='bbox 977 1268 1122 1356; x_wconf 85' lang='grc' dir='ltr'><em>ἁμαρτη·</em></span> <span class='ocrx_word' id='word_1_89' title='bbox 1151 1335 1155 1342; x_wconf 80' lang='grc'><strong>,</strong></span> 
     </span>
     <span class='ocr_line' id='line_1_12' title="bbox 102 1369 1120 1459; baseline 0.001 -22"><span class='ocrx_word' id='word_1_90' title='bbox 102 1369 209 1437; x_wconf 82' lang='grc' dir='ltr'><em>θέντα</em></span> <span class='ocrx_word' id='word_1_91' title='bbox 227 1373 379 1459; x_wconf 82' lang='grc' dir='ltr'><em>διώρθου</em></span> <span class='ocrx_word' id='word_1_92' title='bbox 397 1383 543 1450; x_wconf 77' lang='grc' dir='ltr'><em>συνετῶς</em></span> <span class='ocrx_word' id='word_1_93' title='bbox 561 1372 606 1450; x_wconf 86' lang='grc' dir='ltr'><em>ώς</em></span> <span class='ocrx_word' id='word_1_94' title='bbox 624 1371 667 1438; x_wconf 82' lang='grc' dir='ltr'><em>ἀν</em></span> <span class='ocrx_word' id='word_1_95' title='bbox 684 1374 908 1458; x_wconf 88' lang='grc' dir='ltr'><em>πρεσβύτατος</em></span> <span class='ocrx_word' id='word_1_96' title='bbox 927 1372 983 1438; x_wconf 82' lang='grc' dir='ltr'><em>καὶ</em></span> <span class='ocrx_word' id='word_1_97' title='bbox 1000 1384 1120 1459; x_wconf 78' lang='grc' dir='ltr'><em>νοῆσαι</em></span> 
     </span>
     <span class='ocr_line' id='line_1_13' title="bbox 101 1473 1120 1566; baseline 0.002 -24"><span class='ocrx_word' id='word_1_98' title='bbox 101 1480 140 1542; x_wconf 93' lang='grc' dir='ltr'><em>τὸ</em></span> <span class='ocrx_word' id='word_1_99' title='bbox 165 1475 244 1562; x_wconf 90' lang='grc' dir='ltr'><em>δέον</em></span> <span class='ocrx_word' id='word_1_100' title='bbox 266 1479 477 1561; x_wconf 89' lang='grc' dir='ltr'><em>ίκανώτατος,</em></span> <span class='ocrx_word' id='word_1_101' title='bbox 500 1479 561 1544; x_wconf 84' lang='grc' dir='ltr'><em>ὅσα</em></span> <span class='ocrx_word' id='word_1_102' title='bbox 584 1475 616 1543; x_wconf 86' lang='grc' dir='ltr'><em>δ’</em></span> <span class='ocrx_word' id='word_1_103' title='bbox 641 1479 799 1566; x_wconf 86' lang='grc' dir='ltr'><em>ηύρισκεν</em></span> <span class='ocrx_word' id='word_1_104' title='bbox 822 1473 859 1544; x_wconf 83' lang='grc' dir='ltr'><em>εὖ</em></span> <span class='ocrx_word' id='word_1_105' title='bbox 882 1483 1042 1562; x_wconf 81' lang='grc' dir='ltr'><em>γεγονότα</em></span> <span class='ocrx_word' id='word_1_106' title='bbox 1064 1478 1120 1544; x_wconf 83' lang='grc' dir='ltr'><em>καὶ</em></span> 
     </span>
     <span class='ocr_line' id='line_1_14' title="bbox 101 1582 1117 1670; baseline 0.004 -23"><span class='ocrx_word' id='word_1_107' title='bbox 101 1584 186 1648; x_wconf 84' lang='grc' dir='ltr'><em>κατά</em></span> <span class='ocrx_word' id='word_1_108' title='bbox 207 1585 330 1669; x_wconf 83' lang='grc' dir='ltr'><em>χώραν,</em></span> <span class='ocrx_word' id='word_1_109' title='bbox 353 1582 517 1668; x_wconf 83' lang='grc' dir='ltr'><em>ἐφύλαττέ</em></span> <span class='ocrx_word' id='word_1_110' title='bbox 536 1582 645 1650; x_wconf 83' lang='grc' dir='ltr'><em>τεκαὶ</em></span> <span class='ocrx_word' id='word_1_111' title='bbox 664 1583 818 1669; x_wconf 79' lang='grc' dir='ltr'><em>ἐμιμεῖτο.</em></span> <span class='ocrx_word' id='word_1_112' title='bbox 859 1585 945 1670; x_wconf 85' lang='grc'>&lt;51&gt;</span> <span class='ocrx_word' id='word_1_113' title='bbox 963 1595 1067 1652; x_wconf 85' lang='grc' dir='ltr'><em>ταῦτα</em></span> <span class='ocrx_word' id='word_1_114' title='bbox 1086 1583 1117 1651; x_wconf 90' lang='grc' dir='ltr'><em>δ’</em></span> 
     </span>
     <span class='ocr_line' id='line_1_15' title="bbox 102 1688 1120 1777; baseline 0.001 -23"><span class='ocrx_word' id='word_1_115' title='bbox 102 1691 242 1774; x_wconf 81' lang='grc' dir='ltr'><em>ἔπραττε</em></span> <span class='ocrx_word' id='word_1_116' title='bbox 265 1692 368 1776; x_wconf 80' lang='grc' dir='ltr'><em>σοφίᾳ</em></span> <span class='ocrx_word' id='word_1_117' title='bbox 389 1688 445 1755; x_wconf 81' lang='grc' dir='ltr'><em>καλ</em></span> <span class='ocrx_word' id='word_1_118' title='bbox 469 1688 601 1776; x_wconf 77' lang='grc' dir='ltr'><em>ἐπινοίᾳ</em></span> <span class='ocrx_word' id='word_1_119' title='bbox 622 1698 682 1774; x_wconf 77' lang='grc' dir='ltr'><em>τῆς</em></span> <span class='ocrx_word' id='word_1_120' title='bbox 705 1692 838 1774; x_wconf 84' lang='grc' dir='ltr'><em>φύσεως</em></span> <span class='ocrx_word' id='word_1_121' title='bbox 859 1692 1042 1777; x_wconf 85' lang='grc' dir='ltr'><em>χρώμενος,</em></span> <span class='ocrx_word' id='word_1_122' title='bbox 1064 1689 1120 1756; x_wconf 83' lang='grc' dir='ltr'><em>καί</em></span> 
     </span>
     <span class='ocr_line' id='line_1_16' title="bbox 58 1794 1120 1884; baseline 0.003 -26"><span class='ocrx_word' id='word_1_123' title='bbox 58 1818 87 1858; x_wconf 82' lang='grc' dir='ltr'><em>ιε</em></span> <span class='ocrx_word' id='word_1_124' title='bbox 101 1803 142 1879; x_wconf 75' lang='grc' dir='ltr'><em>τῇ</em></span> <span class='ocrx_word' id='word_1_125' title='bbox 166 1805 234 1860; x_wconf 82' lang='grc' dir='ltr'><em>τῶν</em></span> <span class='ocrx_word' id='word_1_126' title='bbox 255 1794 490 1882; x_wconf 80' lang='grc' dir='ltr'><em>πρεσβυτέρων</em></span> <span class='ocrx_word' id='word_1_127' title='bbox 513 1797 713 1879; x_wconf 76' lang='grc' dir='ltr'><em>πειθόμενος</em></span> <span class='ocrx_word' id='word_1_128' title='bbox 732 1799 919 1884; x_wconf 80' lang='grc' dir='ltr'><em>συμβουλίᾳ</em></span> <span class='ocrx_word' id='word_1_129' title='bbox 940 1795 995 1862; x_wconf 81' lang='grc' dir='ltr'><em>καλ</em></span> <span class='ocrx_word' id='word_1_130' title='bbox 1016 1818 1120 1882; x_wconf 88' lang='grc' dir='ltr'><em>παρα-</em></span> 
     </span>
     <span class='ocr_line' id='line_1_17' title="bbox 102 1899 1120 1987; baseline 0.003 -22"><span class='ocrx_word' id='word_1_131' title='bbox 102 1902 205 1966; x_wconf 92' lang='grc' dir='ltr'><em>δόσει.</em></span> <span class='ocrx_word' id='word_1_132' title='bbox 250 1911 321 1979; x_wconf 84' lang='grc' dir='ltr'><em>τοῖς</em></span> <span class='ocrx_word' id='word_1_133' title='bbox 342 1904 406 1987; x_wconf 79' lang='grc' dir='ltr'><em>γάρ</em></span> <span class='ocrx_word' id='word_1_134' title='bbox 429 1904 546 1986; x_wconf 91' lang='grc' dir='ltr'><em>νόμοις</em></span> <span class='ocrx_word' id='word_1_135' title='bbox 563 1906 833 1984; x_wconf 81' lang='grc' dir='ltr'><em>κατακολουθῶν,</em></span> <span class='ocrx_word' id='word_1_136' title='bbox 856 1900 942 1966; x_wconf 84' lang='grc' dir='ltr'><em>ούτω</em></span> <span class='ocrx_word' id='word_1_137' title='bbox 964 1899 1040 1987; x_wconf 82' lang='grc' dir='ltr'><em>περὶ</em></span> <span class='ocrx_word' id='word_1_138' title='bbox 1058 1904 1120 1986; x_wconf 78' lang='grc' dir='ltr'><em>τὴν</em></span> 
     </span>
     <span class='ocr_line' id='line_1_18' title="bbox 100 2004 1121 2093; baseline 0 -21"><span class='ocrx_word' id='word_1_139' title='bbox 100 2006 196 2085; x_wconf 81' lang='grc' dir='ltr'><em>τάξιν</em></span> <span class='ocrx_word' id='word_1_140' title='bbox 218 2016 278 2091; x_wconf 79' lang='grc' dir='ltr'><em>τῆς</em></span> <span class='ocrx_word' id='word_1_141' title='bbox 298 2010 466 2084; x_wconf 81' lang='grc' dir='ltr'><em>πολιτείας</em></span> <span class='ocrx_word' id='word_1_142' title='bbox 491 2004 548 2072; x_wconf 82' lang='grc' dir='ltr'><em>καὶ</em></span> <span class='ocrx_word' id='word_1_143' title='bbox 574 2015 634 2090; x_wconf 80' lang='grc' dir='ltr'><em>της</em></span> <span class='ocrx_word' id='word_1_144' title='bbox 659 2004 736 2093; x_wconf 85' lang='grc' dir='ltr'><em>περὶ</em></span> <span class='ocrx_word' id='word_1_145' title='bbox 762 2007 800 2072; x_wconf 89' lang='grc' dir='ltr'><em>τὸ</em></span> <span class='ocrx_word' id='word_1_146' title='bbox 828 2014 926 2073; x_wconf 90' lang='grc' dir='ltr'><em>θεῖον</em></span> <span class='ocrx_word' id='word_1_147' title='bbox 953 2007 1121 2092; x_wconf 81' lang='grc' dir='ltr'><em>εὐσεβείας</em></span> 
     </span>
     <span class='ocr_line' id='line_1_19' title="bbox 102 2112 1120 2200; baseline 0.001 -23"><span class='ocrx_word' id='word_1_148' title='bbox 102 2112 236 2191; x_wconf 81' lang='grc' dir='ltr'><em>εὐοδεῖν</em></span> <span class='ocrx_word' id='word_1_149' title='bbox 257 2137 294 2178; x_wconf 93' lang='grc' dir='ltr'><em>τε</em></span> <span class='ocrx_word' id='word_1_150' title='bbox 317 2112 507 2198; x_wconf 90' lang='grc' dir='ltr'><em>συνέβαινε,</em></span> <span class='ocrx_word' id='word_1_151' title='bbox 535 2113 591 2178; x_wconf 85' lang='grc' dir='ltr'><em>διὰ</em></span> <span class='ocrx_word' id='word_1_152' title='bbox 613 2114 651 2178; x_wconf 87' lang='grc' dir='ltr'><em>τὸ</em></span> <span class='ocrx_word' id='word_1_153' title='bbox 674 2113 736 2196; x_wconf 79' lang='grc' dir='ltr'><em>τὴν</em></span> <span class='ocrx_word' id='word_1_154' title='bbox 758 2114 885 2179; x_wconf 91' lang='grc' dir='ltr'><em>τούτων</em></span> <span class='ocrx_word' id='word_1_155' title='bbox 909 2117 1120 2200; x_wconf 89' lang='grc' dir='ltr'><em>παρανομίαν</em></span> 
     </span>
     <span class='ocr_line' id='line_1_20' title="bbox 102 2216 1119 2306; baseline 0.003 -23"><span class='ocrx_word' id='word_1_156' title='bbox 102 2218 148 2302; x_wconf 79' lang='grc' dir='ltr'><em>μὴ</em></span> <span class='ocrx_word' id='word_1_157' title='bbox 171 2219 349 2303; x_wconf 80' lang='grc' dir='ltr'><em>τυγχάνειν</em></span> <span class='ocrx_word' id='word_1_158' title='bbox 371 2216 443 2285; x_wconf 85' lang='grc' dir='ltr'><em>ἀλλ’</em></span> <span class='ocrx_word' id='word_1_159' title='bbox 470 2217 701 2304; x_wconf 80' lang='grc' dir='ltr'><em>ἐξηφανίσθαι.</em></span> <span class='ocrx_word' id='word_1_160' title='bbox 742 2219 830 2304; x_wconf 78' lang='grc'>&lt;52&gt;</span> <span class='ocrx_word' id='word_1_161' title='bbox 852 2221 992 2306; x_wconf 85' lang='grc' dir='ltr'><em>περιιὼν</em></span> <span class='ocrx_word' id='word_1_162' title='bbox 1014 2221 1076 2306; x_wconf 82' lang='grc' dir='ltr'><em>γάρ</em></span> <span class='ocrx_word' id='word_1_163' title='bbox 1101 2219 1119 2286; x_wconf 88' lang='grc' dir='ltr'><em>ό</em></span> 
     </span>
     <span class='ocr_line' id='line_1_21' title="bbox 59 2321 1116 2413; baseline 0.006 -26"><span class='ocrx_word' id='word_1_164' title='bbox 59 2347 88 2387; x_wconf 78' lang='grc' dir='ltr'><em>εο</em></span> <span class='ocrx_word' id='word_1_165' title='bbox 102 2327 259 2410; x_wconf 86' lang='grc' dir='ltr'><em>βασιλεὺς</em></span> <span class='ocrx_word' id='word_1_166' title='bbox 280 2321 336 2390; x_wconf 80' lang='grc' dir='ltr'><em>καὶ</em></span> <span class='ocrx_word' id='word_1_167' title='bbox 358 2326 420 2408; x_wconf 82' lang='grc' dir='ltr'><em>την</em></span> <span class='ocrx_word' id='word_1_168' title='bbox 441 2329 541 2393; x_wconf 87' lang='grc' dir='ltr'><em>πόλιν</em></span> <span class='ocrx_word' id='word_1_169' title='bbox 563 2322 618 2391; x_wconf 83' lang='grc' dir='ltr'><em>καὶ</em></span> <span class='ocrx_word' id='word_1_170' title='bbox 640 2325 702 2409; x_wconf 79' lang='grc' dir='ltr'><em>τὴν</em></span> <span class='ocrx_word' id='word_1_171' title='bbox 724 2327 837 2413; x_wconf 84' lang='grc' dir='ltr'><em>χώραν</em></span> <span class='ocrx_word' id='word_1_172' title='bbox 859 2328 1000 2412; x_wconf 76' lang='grc' dir='ltr'><em>ἅπασαν,</em></span> <span class='ocrx_word' id='word_1_173' title='bbox 1025 2328 1065 2393; x_wconf 93' lang='grc' dir='ltr'><em>τά</em></span> <span class='ocrx_word' id='word_1_174' title='bbox 1087 2324 1116 2393; x_wconf 88' lang='grc' dir='ltr'><em>τ’</em></span> 
     </span>
     <span class='ocr_line' id='line_1_22' title="bbox 101 2430 1121 2516; baseline 0.004 -21"><span class='ocrx_word' id='word_1_175' title='bbox 101 2432 187 2514; x_wconf 84' lang='grc' dir='ltr'><em>άλση</em></span> <span class='ocrx_word' id='word_1_176' title='bbox 210 2431 250 2495; x_wconf 83' lang='grc' dir='ltr'><em>τά</em></span> <span class='ocrx_word' id='word_1_177' title='bbox 273 2443 343 2509; x_wconf 93' lang='grc' dir='ltr'><em>τοῖς</em></span> <span class='ocrx_word' id='word_1_178' title='bbox 366 2430 506 2510; x_wconf 86' lang='grc' dir='ltr'><em>ξενιιωῖς</em></span> <span class='ocrx_word' id='word_1_179' title='bbox 525 2430 682 2516; x_wconf 82' lang='grc' dir='ltr'><em>ἀνειμένα</em></span> <span class='ocrx_word' id='word_1_180' title='bbox 700 2438 795 2510; x_wconf 85' lang='grc' dir='ltr'><em>θεοῖς</em></span> <span class='ocrx_word' id='word_1_181' title='bbox 813 2432 946 2513; x_wconf 83' lang='grc' dir='ltr'><em>ἐξέκοψε</em></span> <span class='ocrx_word' id='word_1_182' title='bbox 960 2431 1023 2499; x_wconf 80' lang='grc' dir='ltr'><em>’καὶ</em></span> <span class='ocrx_word' id='word_1_183' title='bbox 1041 2437 1121 2510; x_wconf 86' lang='grc' dir='ltr'><em>τοὺς</em></span> 
     </span>
     <span class='ocr_line' id='line_1_23' title="bbox 102 2535 1120 2625; baseline 0.001 -24"><span class='ocrx_word' id='word_1_184' title='bbox 102 2539 236 2625; x_wconf 80' lang='grc' dir='ltr'><em>βωμοὺς</em></span> <span class='ocrx_word' id='word_1_185' title='bbox 259 2538 370 2603; x_wconf 85' lang='grc' dir='ltr'><em>αύτών</em></span> <span class='ocrx_word' id='word_1_186' title='bbox 391 2537 611 2620; x_wconf 82' lang='grc' dir='ltr'><em>κατέσκαψεν,</em></span> <span class='ocrx_word' id='word_1_187' title='bbox 640 2543 674 2603; x_wconf 87' lang='grc' dir='ltr'><em>εί</em></span> <span class='ocrx_word' id='word_1_188' title='bbox 692 2561 724 2601; x_wconf 91' lang='grc' dir='ltr'><em>τι</em></span> <span class='ocrx_word' id='word_1_189' title='bbox 747 2535 779 2602; x_wconf 91' lang='grc' dir='ltr'><em>δ’</em></span> <span class='ocrx_word' id='word_1_190' title='bbox 804 2537 963 2623; x_wconf 85' lang='grc' dir='ltr'><em>ἀνάθημα</em></span> <span class='ocrx_word' id='word_1_191' title='bbox 989 2541 1120 2615; x_wconf 86' lang='grc' dir='ltr'><em>τούτοις</em></span> 
     </span>
     <span class='ocr_line' id='line_1_24' title="bbox 101 2640 1119 2730; baseline 0 -23"><span class='ocrx_word' id='word_1_192' title='bbox 101 2643 168 2707; x_wconf 84' lang='grc' dir='ltr'><em>ὑπὸ</em></span> <span class='ocrx_word' id='word_1_193' title='bbox 205 2654 273 2708; x_wconf 86' lang='grc' dir='ltr'><em>τῶν</em></span> <span class='ocrx_word' id='word_1_194' title='bbox 307 2645 484 2730; x_wconf 91' lang='grc' dir='ltr'><em>προγόνων</em></span> <span class='ocrx_word' id='word_1_195' title='bbox 515 2640 678 2724; x_wconf 87' lang='grc' dir='ltr'><em>ἀνέκειτο,</em></span> <span class='ocrx_word' id='word_1_196' title='bbox 713 2644 935 2727; x_wconf 82' lang='grc' dir='ltr'><em>περιυβρίζων</em></span> <span class='ocrx_word' id='word_1_197' title='bbox 965 2642 1119 2708; x_wconf 90' lang='grc' dir='ltr'><em>κατέσπα.</em></span> 
     </span>
     <span class='ocr_line' id='line_1_25' title="bbox 101 2745 1120 2838; baseline 0 -25"><span class='ocrx_word' id='word_1_198' title='bbox 101 2748 190 2832; x_wconf 82' lang='lat'>&lt;53&gt;</span> <span class='ocrx_word' id='word_1_199' title='bbox 213 2746 268 2813; x_wconf 83' lang='grc' dir='ltr'><em>καὶ</em></span> <span class='ocrx_word' id='word_1_200' title='bbox 290 2749 396 2838; x_wconf 75' lang='grc' dir='ltr'><em>τούτῳ</em></span> <span class='ocrx_word' id='word_1_201' title='bbox 419 2756 465 2837; x_wconf 75' lang='grc' dir='ltr'><em>τῷ</em></span> <span class='ocrx_word' id='word_1_202' title='bbox 487 2749 598 2835; x_wconf 78' lang='grc' dir='ltr'><em>τρόπω</em></span> <span class='ocrx_word' id='word_1_203' title='bbox 621 2747 681 2811; x_wconf 93' lang='grc' dir='ltr'><em>τὸν</em></span> <span class='ocrx_word' id='word_1_204' title='bbox 703 2746 786 2811; x_wconf 94' lang='grc' dir='ltr'><em>λαὸν</em></span> <span class='ocrx_word' id='word_1_205' title='bbox 809 2745 873 2812; x_wconf 88' lang='grc' dir='ltr'><em>ἀπὸ</em></span> <span class='ocrx_word' id='word_1_206' title='bbox 891 2755 950 2830; x_wconf 79' lang='grc' dir='ltr'><em>τῆς</em></span> <span class='ocrx_word' id='word_1_207' title='bbox 966 2745 1041 2832; x_wconf 82' lang='grc' dir='ltr'><em>περὶ</em></span> <span class='ocrx_word' id='word_1_208' title='bbox 1061 2748 1120 2813; x_wconf 89' lang='grc' dir='ltr'><em>αύ-</em></span> 
     </span>
     <span class='ocr_line' id='line_1_26' title="bbox 59 2850 1120 2938; baseline 0.006 -26"><span class='ocrx_word' id='word_1_209' title='bbox 59 2872 88 2913; x_wconf 80' lang='grc' dir='ltr'><em>εε</em></span> <span class='ocrx_word' id='word_1_210' title='bbox 102 2856 181 2930; x_wconf 88' lang='grc' dir='ltr'><em>τοὺς</em></span> <span class='ocrx_word' id='word_1_211' title='bbox 204 2852 302 2937; x_wconf 90' lang='grc' dir='ltr'><em>δόξης</em></span> <span class='ocrx_word' id='word_1_212' title='bbox 325 2856 373 2931; x_wconf 91' lang='grc' dir='ltr'><em>είς</em></span> <span class='ocrx_word' id='word_1_213' title='bbox 390 2855 452 2937; x_wconf 79' lang='grc' dir='ltr'><em>τὴν</em></span> <span class='ocrx_word' id='word_1_214' title='bbox 469 2862 530 2919; x_wconf 86' lang='grc' dir='ltr'><em>τοῦ</em></span> <span class='ocrx_word' id='word_1_215' title='bbox 548 2859 632 2917; x_wconf 85' lang='grc' dir='ltr'><em>θεοῦ</em></span> <span class='ocrx_word' id='word_1_216' title='bbox 651 2854 834 2937; x_wconf 90' lang='grc' dir='ltr'><em>θρησκείαν</em></span> <span class='ocrx_word' id='word_1_217' title='bbox 854 2850 1041 2938; x_wconf 79' lang='grc' dir='ltr'><em>ἐπέστρεψε,</em></span> <span class='ocrx_word' id='word_1_218' title='bbox 1063 2850 1120 2918; x_wconf 80' lang='grc' dir='ltr'><em>καί</em></span> 
     </span>
     <span class='ocr_line' id='line_1_27' title="bbox 102 2956 1121 3045; baseline 0.001 -22"><span class='ocrx_word' id='word_1_219' title='bbox 102 2960 162 3035; x_wconf 88' lang='grc' dir='ltr'><em>τδις</em></span> <span class='ocrx_word' id='word_1_220' title='bbox 189 2960 349 3042; x_wconf 83' lang='grc' dir='ltr'><em>συνήθεις</em></span> <span class='ocrx_word' id='word_1_221' title='bbox 376 2958 539 3045; x_wconf 80' lang='grc' dir='ltr'><em>ἐπέφερον</em></span> <span class='ocrx_word' id='word_1_222' title='bbox 566 2960 690 3034; x_wconf 89' lang='grc' dir='ltr'><em>θυσίας</em></span> <span class='ocrx_word' id='word_1_223' title='bbox 715 2956 772 3022; x_wconf 87' lang='grc' dir='ltr'><em>καὶ</em></span> <span class='ocrx_word' id='word_1_224' title='bbox 797 2959 857 3035; x_wconf 87' lang='grc' dir='ltr'><em>τάς</em></span> <span class='ocrx_word' id='word_1_225' title='bbox 881 2958 1121 3036; x_wconf 88' lang='grc' dir='ltr'><em>ὁλοκαυτώσεις</em></span> 
     </span>
     <span class='ocr_line' id='line_1_28' title="bbox 102 3061 1120 3156; baseline 0.001 -27"><span class='ocrx_word' id='word_1_226' title='bbox 102 3065 208 3130; x_wconf 84' lang='grc' dir='ltr'><em>αὐτοῦ</em></span> <span class='ocrx_word' id='word_1_227' title='bbox 220 3075 276 3156; x_wconf 76' lang='grc' dir='ltr'><em>,τῷ</em></span> <span class='ocrx_word' id='word_1_228' title='bbox 299 3070 408 3154; x_wconf 71' lang='grc' dir='ltr'><em>βωμῷ.</em></span> <span class='ocrx_word' id='word_1_229' title='bbox 445 3062 595 3143; x_wconf 89' lang='grc' dir='ltr'><em>ἀπέδειξε</em></span> <span class='ocrx_word' id='word_1_230' title='bbox 617 3062 657 3129; x_wconf 85' lang='grc' dir='ltr'><em>δέ</em></span> <span class='ocrx_word' id='word_1_231' title='bbox 672 3088 766 3141; x_wconf 92' lang='grc' dir='ltr'><em>τινας</em></span> <span class='ocrx_word' id='word_1_232' title='bbox 782 3065 897 3151; x_wconf 80' lang='grc' dir='ltr'><em>κριτὰς</em></span> <span class='ocrx_word' id='word_1_233' title='bbox 916 3061 971 3129; x_wconf 83' lang='grc' dir='ltr'><em>καί</em></span> <span class='ocrx_word' id='word_1_234' title='bbox 991 3062 1120 3130; x_wconf 90' lang='grc' dir='ltr'><em>ἐπισκό-</em></span> 
     </span>
     <span class='ocr_line' id='line_1_29' title="bbox 102 3167 1120 3256; baseline -0.001 -21"><span class='ocrx_word' id='word_1_235' title='bbox 102 3192 199 3254; x_wconf 88' lang='grc' dir='ltr'><em>πους,</em></span> <span class='ocrx_word' id='word_1_236' title='bbox 217 3171 263 3249; x_wconf 84' lang='grc' dir='ltr'><em>ώς</em></span> <span class='ocrx_word' id='word_1_237' title='bbox 281 3170 323 3237; x_wconf 85' lang='grc' dir='ltr'><em>ἀν</em></span> <span class='ocrx_word' id='word_1_238' title='bbox 340 3171 500 3236; x_wconf 87' lang='grc' dir='ltr'><em>διοικοῖεν</em></span> <span class='ocrx_word' id='word_1_239' title='bbox 518 3170 559 3236; x_wconf 82' lang='grc' dir='ltr'><em>τά</em></span> <span class='ocrx_word' id='word_1_240' title='bbox 576 3168 654 3256; x_wconf 90' lang='grc' dir='ltr'><em>παρ’</em></span> <span class='ocrx_word' id='word_1_241' title='bbox 676 3167 826 3247; x_wconf 80' lang='grc' dir='ltr'><em>ἑκάστοις</em></span> <span class='ocrx_word' id='word_1_242' title='bbox 842 3169 1026 3256; x_wconf 87' lang='grc' dir='ltr'><em>πράγματα,</em></span> <span class='ocrx_word' id='word_1_243' title='bbox 1043 3168 1120 3256; x_wconf 80' lang='grc' dir='ltr'><em>περὶ</em></span> 
     </span>
     <span class='ocr_line' id='line_1_30' title="bbox 102 3272 1120 3360; baseline 0.002 -21"><span class='ocrx_word' id='word_1_244' title='bbox 102 3279 228 3354; x_wconf 88' lang='grc' dir='ltr'><em>παντὸς</em></span> <span class='ocrx_word' id='word_1_245' title='bbox 250 3279 288 3342; x_wconf 91' lang='grc' dir='ltr'><em>τὸ</em></span> <span class='ocrx_word' id='word_1_246' title='bbox 308 3277 440 3341; x_wconf 90' lang='grc' dir='ltr'><em>δίκαιον</em></span> <span class='ocrx_word' id='word_1_247' title='bbox 458 3275 652 3360; x_wconf 85' lang='grc' dir='ltr'><em>ποιούμενοι</em></span> <span class='ocrx_word' id='word_1_248' title='bbox 671 3272 726 3340; x_wconf 81' lang='grc' dir='ltr'><em>καί</em></span> <span class='ocrx_word' id='word_1_249' title='bbox 744 3284 803 3360; x_wconf 77' lang='grc' dir='ltr'><em>τῆς</em></span> <span class='ocrx_word' id='word_1_250' title='bbox 820 3285 928 3360; x_wconf 82' lang='grc' dir='ltr'><em>ψυχης</em></span> <span class='ocrx_word' id='word_1_251' title='bbox 949 3276 1009 3341; x_wconf 91' lang='grc' dir='ltr'><em>ούκ</em></span> <span class='ocrx_word' id='word_1_252' title='bbox 1028 3277 1120 3342; x_wconf 89' lang='grc' dir='ltr'><em>ἐλατ-</em></span> 
     </span>
     <span class='ocr_line' id='line_1_31' title="bbox 60 3378 1120 3469; baseline 0.007 -29"><span class='ocrx_word' id='word_1_253' title='bbox 60 3399 89 3440; x_wconf 83' lang='grc' dir='ltr'><em>ιο</em></span> <span class='ocrx_word' id='word_1_254' title='bbox 102 3404 163 3447; x_wconf 88' lang='grc' dir='ltr'><em>ιον</em></span> <span class='ocrx_word' id='word_1_255' title='bbox 189 3381 269 3448; x_wconf 89' lang='grc' dir='ltr'><em>αύτὸ</em></span> <span class='ocrx_word' id='word_1_256' title='bbox 293 3380 514 3469; x_wconf 88' lang='grc' dir='ltr'><em>περιέποντες.</em></span> <span class='ocrx_word' id='word_1_257' title='bbox 560 3380 656 3464; x_wconf 84' lang='grc'>&lt;54&gt;</span> <span class='ocrx_word' id='word_1_258' title='bbox 679 3382 947 3466; x_wconf 90' lang='grc' dir='ltr'><em>διαπεμψάμενος</em></span> <span class='ocrx_word' id='word_1_259' title='bbox 974 3378 1011 3447; x_wconf 74' lang='grc' dir='ltr'><em>δὲ</em></span> <span class='ocrx_word' id='word_1_260' title='bbox 1037 3382 1120 3447; x_wconf 78' lang='grc' dir='ltr'><em>κατὰ</em></span> 
     </span>
    </p>
   </div>
   <div class='ocr_carea' id='block_1_3' title="bbox 177 3501 864 3574">
    <p class='ocr_par' dir='ltr' id='par_1_3' title="bbox 177 3501 864 3574">
     <span class='ocr_line' id='line_1_32' title="bbox 177 3501 864 3574; baseline -0.001 -15"><span class='ocrx_word' id='word_1_261' title='bbox 177 3509 192 3570; x_wconf 69' lang='lat'>5</span> <span class='ocrx_word' id='word_1_262' title='bbox 208 3511 242 3559; x_wconf 85' lang='grc'><em>49</em></span> <span class='ocrx_word' id='word_1_263' title='bbox 263 3529 296 3550; x_wconf 65' lang='grc' dir='ltr'><strong>ε</strong></span> <span class='ocrx_word' id='word_1_264' title='bbox 316 3503 415 3574; x_wconf 74' lang='lat' dir='ltr'>4Reg.</span> <span class='ocrx_word' id='word_1_265' title='bbox 431 3501 510 3557; x_wconf 90' lang='lat' dir='ltr'>XXII</span> <span class='ocrx_word' id='word_1_266' title='bbox 524 3509 554 3569; x_wconf 78' lang='lat'><em>2;</em></span> <span class='ocrx_word' id='word_1_267' title='bbox 573 3501 694 3560; x_wconf 75' lang='lat' dir='ltr'><strong>2Paral.</strong></span> <span class='ocrx_word' id='word_1_268' title='bbox 710 3503 826 3561; x_wconf 81' lang='lat' dir='ltr'>XXXIV</span> <span class='ocrx_word' id='word_1_269' title='bbox 839 3509 864 3558; x_wconf 81' lang='lat'><em>2.</em></span> 
     </span>
    </p>
   </div>
   <div class='ocr_carea' id='block_1_4' title="bbox 0 0 1204 3840">
    <p class='ocr_par' dir='ltr' id='par_1_4' title="bbox 0 0 1204 3840">
     <span class='ocr_line' id='line_1_33' title="bbox 0 0 1204 3840; baseline 0 0"><span class='ocrx_word' id='word_1_270' title='bbox 0 0 1204 3840; x_wconf 95' lang='lat' dir='ltr'><em> </em></span> 
     </span>
    </p>
   </div>
  </div>
 </body>
</html>
