2400 3840
554 155 676 205 ENATH
1056 153 1120 218 307

100 311 131 377 τ’
166 307 207 395 ἦν
237 312 292 377 καὶ
325 314 524 399 παράνομος.
577 314 699 398 <235>
730 314 747 379 ὁ
778 311 816 378 δέ
845 325 913 379 τῶν
940 312 1122 401 Ἀσσυρίων

101 423 258 503 βασιλεὺς
284 420 568 505 Θεχλαφαλάσσαρ
596 421 757 505 τοῦνομα,
786 419 1122 506 ἐπιστρατευσάμενος

99 538 173 602 τοῖς
188 524 415 612 Ἰσραηλίταις,
437 526 492 592 καὶ
516 529 577 610 τῆν
600 552 635 592 τε
654 528 853 610 Γαλαδηνὴν
876 528 1007 591 ἀπασαν
1024 551 1122 591 κατα-

100 632 328 717 στρεύάμενος
354 632 409 698 καὶ
437 634 498 716 τῆν
525 632 631 719 πέραν
653 643 713 698 τοῦ
734 630 905 719 Ἰορδάνου
932 633 1044 716 χώραν
1067 631 1122 700 καὶ

65 758 81 797 5
99 740 165 821 τῆν
183 740 266 823 πρὸς
285 738 367 824 αύτῆ
387 748 450 822 γῆν
470 743 653 806 Γαλιλαίαν
670 737 879 824 καλουμένην
897 737 952 804 καὶ
969 739 1122 804 Κύδισαν

98 842 158 909 καὶ
177 842 324 930 Ἀσωρα,
351 848 430 922 τοὺς
457 847 632 932 οίκῆτορας
659 848 900 929 αἰχμαλωτίσας
928 844 1123 929 μετέστησεν

101 953 151 1026 είς
174 950 236 1032 τὴν
259 951 362 1016 αὑτοῦ
384 955 567 1035 βασιλείαν.

170 1054 224 1121 καὶ
252 1058 292 1121 τά
320 1053 382 1141 μὲν
408 1055 482 1141 περὶ
511 1066 571 1122 τοῦ
593 1054 775 1142 Ἀσσυρίων
802 1056 965 1141 βασιλέως
988 1056 1025 1123 ἐν
1047 1060 1123 1124 τού-

100 1186 175 1237 τοις
201 1161 281 1246 ῆμῖν
309 1164 525 1246 δεδηλώσθω·
555 1164 672 1247 <236>
694 1161 854 1249 Ἰώθαμος
882 1162 912 1228 δ’
936 1162 1021 1243 Ὀζία
1045 1178 1156 1241 παῖςε

54 1290 83 1329 10
102 1267 296 1350 ἐβασίλευσε
319 1276 377 1352 τῆς
397 1267 506 1334 Ἰούδα
529 1275 638 1354 φυλῆς
662 1268 699 1335 έν
718 1268 972 1355 Ἱεροσολύμοις,
1001 1269 1036 1335 ἐκ
1063 1295 1122 1355 μη-

100 1375 182 1457 τρὸς
199 1371 260 1458 μὲν
274 1375 375 1459 ἀστῆς
393 1378 547 1460 γεγονώς,
565 1375 771 1461 καλουμένης
791 1374 821 1441 δ’
836 1375 988 1461 Ἱεράσης.
1026 1371 1123 1453 οὗτος

102 1480 120 1544 ὁ
145 1483 301 1562 βασιλεὺς
328 1481 485 1567 οὐδεμιᾶς
508 1483 626 1570 ἀρετῆς
652 1483 859 1566 ἀπελείπετο,
887 1480 959 1548 ἀλλ’
986 1481 1123 1567 εὐσεβὴς

102 1583 165 1670 μὲν
187 1588 227 1650 τά
254 1590 337 1672 πρὸς
363 1589 423 1653 τὸν
450 1590 535 1655 θεὸν
562 1592 690 1666 δίκαιος
719 1587 755 1655 δὲ
782 1591 822 1654 τά
849 1591 933 1674 πρὸς
959 1591 1038 1665 τοὺς
1065 1588 1122 1653 ἀν-

101 1693 262 1777 θρώπους
289 1694 449 1780 ὑπῆρξεν,
476 1695 631 1780 ἐπιμελὴς
658 1693 696 1760 δὲ
722 1707 790 1760 τῶν
817 1697 898 1761 κατά
926 1696 987 1778 τῆν
1014 1698 1122 1761 πόλιν.

61 1820 87 1860 15
103 1801 223 1883 <237>
251 1800 312 1865 ὅσα
339 1802 402 1887 γάρ
429 1800 602 1884 ἐπισκευῆς
632 1800 737 1866 ἐδεῖτο
764 1799 820 1865 καὶ
846 1804 987 1884 κόσμου,
1019 1808 1123 1863 ταῦτα

103 1908 287 1989 φιλοτίμως
306 1904 526 1993 ἐξειργάσατο,
550 1909 648 1984 στοάς
666 1903 728 1991 μὲν
745 1908 804 1983 τάς
822 1905 859 1971 έν
877 1915 923 1993 τῷ
941 1913 1010 1992 ναώ
1031 1905 1123 1987 ίδρύ-
1164 1943 1166 1945 ·

104 2027 165 2087 σας
187 2009 242 2076 καὶ
265 2015 469 2098 προπύλαια,
494 2016 535 2079 τά
558 2011 596 2081 δὲ
617 2015 891 2078 καταπεπτωκότα
914 2021 982 2076 τών
1005 2021 1122 2094 τειχῶν

105 2115 277 2201 ἀνέστησε,
304 2121 453 2204 πύργους
475 2118 700 2205 παμμεγέθεις
721 2117 776 2184 καὶ
801 2119 1013 2194 δυσαλώτους
1035 2121 1122 2183 οίκο-

105 2225 266 2307 δομῆσας,
298 2221 353 2289 καὶ
380 2235 449 2290 τῶν
476 2227 601 2310 ἀλλων,
634 2232 668 2291 εί
690 2250 722 2292 τι
750 2227 832 2292 κατά
859 2225 921 2308 τὴν
951 2228 1123 2310 βασιλείαν

63 2350 90 2389 20
104 2328 256 2413 ῆμέλητο,
280 2332 407 2413 πολλὴν
426 2331 630 2418 έπεστροφῆν
649 2332 799 2400 ἐποιεῖτο.
841 2334 949 2416 <238>
968 2348 1123 2416 στρατευ-

105 2436 247 2519 σάμενος
270 2434 307 2502 δὲ
328 2435 384 2502 καὶ
408 2437 461 2503 ἐπὶ
484 2442 562 2515 τοὺς
580 2437 777 2524 Ἀμμανίτας
799 2437 854 2504 καὶ
877 2439 1042 2523 κρατήσας
1064 2436 1122 2501 αύ-

104 2553 172 2606 τών
190 2551 229 2626 τῆ
249 2542 344 2628 μάχη,
367 2542 567 2628 προσέταξεν
585 2544 699 2621 αὐτοῖς
716 2548 845 2630 φόρους
865 2545 947 2608 κατά
965 2552 1032 2608 πᾶν
1050 2546 1123 2618 ε”τος

104 2647 193 2735 αὐτῷ
216 2654 325 2714 τελεῖν
349 2647 465 2714 ἑκατὸν
483 2649 627 2714 τάλαντα
645 2647 701 2713 καὶ
720 2652 814 2713 σίτου
832 2650 953 2732 κόρους
971 2654 1122 2731 μυρίους,

104 2756 285 2831 τοσούτους
313 2752 350 2820 δέ
376 2754 432 2820 καὶ
454 2761 584 2840 κριθῆς.
630 2754 749 2839 ηύξησε
777 2751 808 2818 δ’
834 2753 921 2818 οὕτω
944 2752 1006 2834 τῆν
1029 2756 1121 2837 βασι-

63 2879 89 2919 25
105 2864 199 2925 λείαν
218 2859 294 2926 ὥστ’
316 2861 590 2947 ἀκαταφρόνητον
608 2858 669 2947 μέν
692 2860 798 2943 αὐτὴν
817 2859 852 2925 ἐκ
871 2870 938 2924 τῶν
953 2862 1121 2942 πολεμίων

105 2962 203 3048 εῖναι,
226 2979 296 3044 τοῖς
320 2965 350 3032 δ’
376 2970 512 3045 οἰκείοις
535 2969 725 3053 εὐδαίμονα.

173 3074 281 3156 <239>
304 3069 348 3158 ῆν
371 3073 411 3139 δέ
426 3099 476 3151 τις
493 3076 576 3140 κατά
594 3083 714 3140 τοῦτον
737 3074 797 3139 τὸν
816 3075 934 3158 καιρὸν
952 3072 1123 3155 προφῆτης
1141 3090 1156 3137 3

106 3179 266 3264 Νάουμος
284 3182 441 3264 τούνομα,
465 3181 501 3257 ὃς
524 3179 599 3267 περὶ
617 3190 676 3265 τῆς
692 3179 874 3266 Ἀσσυρίων
892 3186 1122 3262 καταστροφῆς

103 3285 159 3350 καὶ
183 3296 242 3369 τῆς
265 3290 375 3351 Νίνου
398 3288 619 3372 προφητεύων
642 3289 753 3367 ἔλεγεν
776 3285 889 3361 οὕτως.
936 3283 1037 3348 εἔσται
1059 3287 1122 3348 Νι-

177 3426 422 3493 §235=4Reg.
437 3425 490 3479 XV
502 3430 547 3479 29.
620 3423 1049 3489 §236=2Paral.XXVII1.

105 3519 186 3579 §239
206 3540 240 3559 =
260 3513 381 3568 Nahum.
395 3514 421 3567 II
436 3519 460 3567 8.

933 3598 992 3656 *m*
