2400 3840
115 107 137 171 2
487 108 762 160 ΔΡΧΔΙΟΔΟΓῙΔΣ

117 271 188 351 [τῆς
210 270 284 352 γῆς]
308 267 508 353 κατέβλαψε,
535 269 616 353 μήτε
643 279 760 352 φυτῶν
786 268 867 352 μητε
894 280 1039 355 καρπῶν
1064 271 1140 336 ἀπο-

116 378 287 460 σχόμενον.
333 374 398 457 <4>
430 373 467 439 ἐν
499 375 540 456 δὴ
568 375 699 451 τούτοις
730 377 824 450 ὄντες
855 385 928 451 τοῖς
961 388 1080 454 κακοῖς
1109 377 1142 443 οί

113 479 255 560 Ἀζώτιοι
277 479 332 546 καί
351 483 434 566 πρὸς
451 481 511 563 τὰς
529 482 704 566 συμφορὰς
722 477 873 565 ἀντέχειν
892 480 935 545 ού
956 482 1138 568 δυνάμενοι

116 600 263 673 συνῆκαν
287 587 322 652 ἐκ
345 598 403 672 τῆς
424 590 569 672 κιβωτοῦ
590 589 713 664 ταύτας
740 587 853 663 αὐτοῖς
880 585 1060 672 ἀνασχεῖν,
1086 587 1137 654 καὶ

115 697 176 778 τὴν
198 699 296 779 νίκην
317 693 373 760 καὶ
391 695 453 776 τὴν
475 695 596 777 ταύτης
614 696 842 778 αἰχμαλωσίαν
863 692 924 757 οῦκ
944 691 998 758 ἐπ’
1019 695 1157 783 ἀγαθβῡ

115 801 345 885 γεγενημένην.
391 799 578 885 πέμπουσιν
601 795 664 865 οὖν
684 801 768 885 πρὸς
789 802 868 875 τοὺς
884 796 1136 884 Ἀσκαλωνίτας,

115 908 284 986 ἀξιοῦντες
315 906 376 988 την
407 906 551 991 κιβωτὸν
584 906 706 983 αὐτοὺς
733 906 821 991 παρά
849 913 937 989 σφᾶς
966 905 1135 985 δέξασθαι.

114 1015 176 1095 <5>
200 1023 270 1087 τοῖς
298 1007 329 1074 δ’
355 1011 416 1076 οῦκ
439 1011 544 1095 ἀηδὴς
571 1011 591 1095 ἡ
619 1023 687 1078 τῶν
707 1009 867 1090 Ἀζωτίων
895 1009 1011 1094 δέησις
1035 1030 1134 1099 προσ-

114 1116 240 1200 έπεσεν,
263 1114 335 1182 ἀλλ’
362 1116 552 1183 ἐπινεύουσι
576 1114 637 1202 μὲν
660 1118 774 1194 αὐτοῖς
796 1118 858 1200 την
879 1117 992 1203 χάριν,
1016 1121 1132 1203 λαβόν-

113 1247 166 1300 τες
184 1220 221 1289 δὲ
239 1224 300 1306 την
318 1226 461 1307 κιβωτὸν
481 1222 517 1289 έν
535 1236 606 1301 τοῖς
624 1224 752 1308 ὁμοίοις
771 1226 895 1301 δεινοῖς
914 1222 1130 1307 κατέστησαν·
1143 1237 1162 1279 1⁰

114 1332 342 1415 συνεξεκόμισε
370 1331 433 1416 γὰρ
461 1330 543 1415 αὑτῇ
570 1331 611 1395 τά
637 1341 705 1395 τῶν
728 1327 887 1409 Ἀζωτίων
916 1329 949 1413 [ἡ
977 1332 1129 1415 κιβωτὸς]

112 1438 205 1519 πάθη
232 1440 315 1522 πρὸς
341 1439 420 1513 τοὺς
446 1433 502 1501 ἀπ’
528 1434 664 1501 ἐκείνων
692 1436 797 1519 αύτην
823 1433 1033 1521 δεχομένους.
1078 1433 1129 1502 καί

112 1545 194 1628 πρὸς
221 1545 343 1619 ἀλλους
369 1540 448 1628 παρ’
475 1543 585 1607 αὑτῶν
613 1541 866 1628 ἀποπέμπουσιν
886 1540 1129 1609 Ἀσκαλωνῖται.

112 1649 176 1733 <6>
200 1647 292 1732 μένει
316 1646 346 1712 δ’
373 1645 452 1714 οὐδὲ
475 1646 553 1735 παρ’
578 1648 729 1726 ἐκείνοις·
753 1649 818 1714 ὑπὸ
842 1650 905 1734 γὰρ
928 1659 997 1714 τῶν
1021 1649 1128 1714 αὐτῶν

112 1762 233 1821 παθῶν
256 1755 472 1840 ἐλαυνόμενοι
494 1757 577 1841 πρὸς
600 1757 658 1832 τὰς
682 1754 839 1840 ἐχομένας
864 1755 1051 1820 ἀπολύουσι
1071 1756 1161 1853 (cd-1⁵

112 1869 189 1942 λεις.
234 1861 289 1930 καί
312 1871 433 1929 τοῦτον
456 1859 696 1949 ἐκπεριέρχεται
723 1863 783 1927 τὸν
805 1862 930 1947 τρόπον
952 1861 1012 1937 τὰς
1035 1860 1130 1927 πέντε

112 1982 179 2036 τῶν
209 1977 445 2037 Παλαιστινῦν
476 1973 589 2046 πόλεις
619 1968 640 2051 η
672 1970 826 2051 κιβωτός,
858 1967 970 2051 ὥσπερ
1003 1967 1131 2052 δασμὸν

112 2074 296 2142 ἀπαιτοῦσα
319 2074 396 2161 παρ’
418 2074 554 2159 ἑκάστης
576 2083 637 2140 τοῦ
660 2075 743 2159 πρὸς
766 2073 867 2149 αύτολς
891 2070 1016 2156 ἐλθείν,
1041 2073 1063 2138 ἀ
1086 2071 1128 2139 δι’

112 2179 216 2263 αὐτὴν
240 2183 393 2264 ἔπασχον.

82 2302 97 2350 2
180 2285 245 2368 <7>
274 2285 484 2371 ἀπειρηκότες
516 2282 554 2350 δὲ
584 2295 656 2362 τοῖς
682 2296 796 2362 κακοῖς
826 2285 861 2350 οί
886 2284 1132 2370 πεπειραμένοι,
1144 2301 1167 2342 2⁰

110 2387 166 2456 καὶ
189 2401 259 2466 τοῖς
282 2390 463 2455 ἀκούουσιν
486 2391 569 2454 αὐτὰ
593 2391 789 2455 διδασκαλία
810 2393 982 2475 γενόμενοι
1006 2401 1069 2458 τοῦ
1088 2394 1131 2477 μὴ

111 2495 357 2583 προσδέξασθαι
370 2496 432 2580 την
445 2499 589 2582 κιβωτόν
602 2519 680 2562 ποτε
693 2498 777 2582 πρὸς
791 2497 913 2574 αὑτοὺς
923 2496 976 2562 ἐπὶ
989 2501 1131 2587 τοιούτῳ

111 2610 222 2693 μισθῷ
244 2601 300 2669 καὶ
323 2601 423 2690 τέλει,
450 2605 488 2671 τὸ
512 2606 631 2671 λοιπὸν
655 2602 790 2687 ἐζήτουν
817 2605 968 2689 μηχανὴν
993 2601 1048 2669 καί
1072 2609 1131 2671 πό·

111 2737 172 2800 ρον
195 2712 386 2797 ἀπαλλαγῆς
409 2712 519 2797 αὐτῆς.
557 2713 621 2797 <8>
638 2710 693 2777 καὶ
713 2714 933 2788 συνελθόντες
956 2711 992 2776 οί
1008 2708 1044 2775 ἐκ
1061 2722 1131 2776 τῶν

110 2817 207 2883 πέντε
239 2822 369 2885 πόλεων
401 2821 571 2903 ἀρχοντες,
607 2821 723 2899 Γίττης
754 2817 809 2881 καί
839 2815 1044 2902 Ἀκκάρωνος
1073 2814 1129 2882 καί
1144 2832 1168 2874 2⁵

108 2920 322 3005 Ἀσκάλωνος,
346 2925 393 2987 ἐτι
417 2918 455 2986 δὲ
474 2924 578 3005 Γάζης
595 2919 651 2986 καὶ
667 2919 816 3005 Ἀζώτου,
841 2922 1004 2988 ἐσκόπουν
1026 2926 1062 2987 τί
1078 2924 1132 2988 δεῖ

109 3038 227 3096 ποιείν.
273 3025 328 3093 καὶ
358 3028 395 3092 τὸ
423 3023 484 3111 μέν
507 3038 640 3112 πρῶτον
664 3024 770 3092 ἐδόκει
798 3028 859 3112 την
881 3030 1026 3113 κιβωτὸν
1049 3028 1130 3094 ἀπο-

109 3135 250 3220 πέμπειν
272 3143 344 3211 τοῖς
366 3135 515 3214 οίκείοις,
543 3132 588 3209 ὡς
614 3131 911 3218 ὑπερεκδικοῦντος
938 3135 1043 3217 αὐτὴν
1068 3144 1130 3200 τοῦ

109 3247 194 3305 θεοῦ
208 3237 264 3305 καὶ
279 3237 617 3324 συνεπιδημησάντων
632 3238 713 3323 αὐτῇ
733 3241 789 3304 διὰ
806 3249 905 3306 τοῦτο
923 3251 992 3305 τῶν
1006 3241 1127 3306 δεινῶν

108 3342 164 3409 καὶ
188 3350 476 3431 συνεισβαλόντων
494 3341 565 3427 μετ’
587 3343 714 3427 ἐκείνης
733 3348 780 3422 είς
797 3349 856 3423 τὰς
876 3349 989 3422 πόλεις
1007 3347 1127 3412 αὐτῶν.
1141 3363 1167 3402 ³⁰

181 3470 196 3530 ξ
215 3468 232 3516 4
252 3489 285 3510 =
306 3471 320 3516 1
341 3466 409 3535 Reg.
428 3467 453 3520 V
469 3471 492 3519 7.
