2400 3840
129 124 194 189 164
510 121 785 175 APmOAorlAz

128 285 189 351 ὅσα
212 307 247 349 τε
269 284 370 367 σκεύη
393 280 577 368 χρυσᾶκαί
600 282 740 369 ἀργυρᾶ,
762 283 891 349 τούτων
913 283 976 349 τὸν
1000 284 1151 367 σταθμὸν

129 391 258 477 ὥρισεν.
305 391 423 475 <376>
447 390 733 476 προσπαρώρμησε
760 385 798 454 δέ
824 386 880 454 καὶ
908 391 1026 472 λόγοις
1051 391 1152 454 αὐτόν

128 521 163 563 τε
186 497 274 583 πάση
296 499 485 583 χρησασθαι
508 498 682 583 προθυμίᾳ
704 493 780 582 περὶ
802 489 964 582 τοῦργον,
991 493 1049 560 καὶ
1075 498 1151 572 τοῦς

129 605 292 689 άρχοντας
323 600 378 668 καί
405 602 467 686 τῆν
495 613 564 667 τῶν
591 605 744 668 Λευιτῶν
775 601 888 686 φυλῆν
920 591 1153 686 σνναγωνίσα-

130 717 212 776 σθαι
236 709 292 775 διά
315 733 349 774 τε
371 709 433 792 τῆν
455 708 588 792 ἡλικίαν
610 705 666 773 καὶ
689 708 806 774 διὰτὸ
829 709 888 774 τὸν
911 709 999 774 θεὸν
1022 707 1173 774 ἐκεῖνονι

131 814 266 882 ἑλέσθαι
293 815 348 881 καί
375 824 435 898 τῆς
462 816 654 899 οἰκοδομίας
680 824 742 880 τοῦ
769 823 853 908 ναοῦ
883 811 939 878 καί
969 822 1031 898 τῆς
1060 818 1152 900 βασι-

130 925 221 1000 λείας
252 921 448 1006 προστάτην.
500 922 617 1005 (377)
651 920 776 1006 εὐμαρῆ
809 916 840 985 δ’
875 919 992 996 αὐτοῖς
1023 919 1081 985 καὶ
1113 920 1151 986 οὐ

130 1024 253 1113 σφόδρ’
293 1026 452 1093 ἐπίπονον
488 1027 551 1110 τῆν
586 1027 781 1111 οἰκοδομίαν
817 1023 1006 1110 ἀπέφηνεν,
1050 1027 1151 1092 αὐτοῦ

130 1134 236 1199 πολλά
258 1127 320 1217 μὲν
341 1131 486 1197 τάλαντα
504 1141 630 1218 χρυσοῦ
653 1135 754 1197 πλείω
774 1128 805 1197 δ’
827 1131 978 1218 ἀργύρου
995 1130 1152 1211 καὶξύλα

130 1241 294 1305 τεκτόνων
316 1262 351 1304 τε
374 1243 505 1322 πλῆθος
532 1235 588 1304 καί
615 1242 768 1322 λατόμων
794 1239 859 1321 ἤδη
885 1236 1184 1325 παρεσκευασμέ-ιι

130 1369 204 1430 νου,
227 1345 421 1432 σμαράγδου
444 1368 479 1410 τε
501 1342 556 1410 καὶ
579 1344 686 1427 πάσης
708 1342 800 1421 ἰδέας
818 1346 920 1409 λίθου
937 1350 1152 1421 πολυτελοῦς.

131 1453 250 1536 <378>
281 1451 337 1518 καί
370 1461 434 1518 νῦν
462 1449 493 1516 δ’
524 1436 573 1516 ἐτι
600 1458 659 1535 τῆς
687 1451 774 1526 ἰδίας
801 1449 952 1536 ἀπαρχὴν
981 1452 1152 1528 διακονίας

130 1559 215 1623 ἀλλα
237 1561 402 1644 τρισχίλια
425 1557 570 1623 τάλαντα
587 1565 714 1644 χρυσοῦ
732 1563 886 1643 καθαροῦ
904 1555 1063 1641 παρέξειν
1087 1561 1152 1623 έλε-

131 1685 190 1745 γεν
217 1665 265 1739 εἰς
291 1666 328 1730 τὸ
356 1665 496 1748 ἀδυτον,
528 1662 584 1728 καὶ
612 1667 660 1741 εἰς
686 1665 723 1729 τὸ
752 1664 840 1750 άρμα
870 1672 931 1728 τοῦ
958 1669 1044 1729 θεοῦ
1076 1667 1152 1741 τοὺς

132 1773 326 1857 Χερουβεῖς,
359 1770 418 1848 οὓς
446 1769 623 1855 ἐφεστάναι
652 1771 763 1853 δεήσει
789 1770 851 1852 τῆν
877 1770 1023 1853 κιβωτὸν
1053 1772 1152 1836 καλύ-
1165 1787 1184 1828 1⁵

131 1898 282 1955 πτοντας.
335 1879 564 1961 σιωπήσαντος
597 1871 634 1940 δέ
666 1883 726 1940 τοῦ
757 1875 926 1958 Δαυίδου,
958 1875 1066 1959 πολλῆ
1099 1873 1153 1941 καὶ

131 1995 199 2049 τῶν
217 1984 388 2068 ἀρχόντων
406 1980 461 2048 καί
479 1993 547 2048 τῶν
567 1980 683 2069 ἱερέων
700 1977 756 2046 καί
774 1988 833 2064 τῆς
847 1980 1025 2056 Λευίτιδος
1043 1987 1154 2066 φυλῆς

131 2094 305 2174 προθυμία
328 2087 609 2174 συμβαλλομένων
636 2084 691 2152 καὶ
719 2083 931 2172 ποιουμένων
956 2084 1153 2169 ἐπαγγελίας

133 2196 283 2280 λαμπράς
314 2193 369 2259 καί
402 2199 662 2278 μεγαλοπρεπεῖς
694 2190 837 2275 ἐγένετο·
873 2191 991 2276 <379>
1025 2203 1152 2280 χρυσοῦ

132 2297 194 2384 μὲν
225 2300 289 2382 γάρ
318 2297 506 2381 ὑπέστησαν
539 2300 696 2363 εἰσοίσειν
727 2299 872 2364 τάλαντα
903 2307 1153 2384 πεντακισχίλια
1166 2317 1188 2358 20

129 2401 187 2470 καὶ
211 2411 373 2489 στατῆρας
395 2407 547 2490 μυρίους,
570 2402 719 2490 ἀργύρου
742 2400 780 2467 δὲ
803 2407 906 2492 μύρια
929 2406 1074 2471 τάλαντα
1097 2406 1153 2472 καί

133 2511 274 2596 σιδήρου
297 2509 461 2596 μυριάδας
483 2509 655 2575 ταλάντων
672 2509 805 2586 πολλάς.
841 2508 897 2575 καί
916 2518 950 2576 εἰ
967 2535 1035 2577 τινι
1055 2517 1154 2590 λίθος

133 2611 176 2701 ἦν
198 2619 390 2702 πολυτελής,
414 2616 545 2704 ἐκόμισε
567 2616 623 2684 καὶ
645 2614 838 2705 παρέδωκεν
861 2619 908 2693 εἰς
927 2620 1006 2695 τοὺς
1024 2624 1153 2702 θησαυ-

134 2727 224 2812 ρούς,
248 2720 296 2791 ὧν
320 2724 537 2814 ἐπετρόπευεν
560 2726 578 2793 δ
601 2723 766 2803 Μωυσέος
790 2725 926 2806 ἔκγονος
943 2722 1062 2802 Ἴαλος.

83 2848 114 2896 11
202 2833 310 2916 <38Ο>
335 2832 388 2899 ἐπὶ
411 2835 543 2911 τούτοις
565 2835 654 2918 ῆσθη
677 2857 712 2899 τε
736 2832 753 2898 ὁ
777 2831 856 2906 λαὸς
878 2829 963 2906 άπας
985 2829 1040 2895 καί
1059 2837 1152 2896 Λαυ-
1167 2848 1191 2888 25

135 2939 223 3022 ίδης,
250 2939 311 3022 τῆν
334 2940 486 3022 σπουδην
508 2937 564 3004 καί
585 2941 647 3024 τῆν
670 2940 864 3023 φιλοτιμίαν
890 2945 958 3000 τῶν
980 2935 1153 3022 ἀρχόντων

135 3042 189 3109 καί
219 3041 335 3130 ἰερέων
361 3042 416 3107 καί
440 3054 508 3109 τῶν
531 3045 642 3109 ἀλλων
669 3043 832 3108 ἁπάντων
850 3043 959 3129 δρῶν,
980 3044 1041 3108 τὸν
1068 3045 1152 3109 θεὸν

137 3150 288 3233 εὐλογεῖν
314 3147 434 3236 ῆρξατο
463 3149 588 3234 μεγάλη
615 3154 692 3235 βοῆ,
724 3147 849 3236 πατέρα
875 3172 911 3214 τε
937 3147 992 3213 καί
1019 3148 1151 3232 γένεσιν

135 3266 203 3320 τῶν
226 3256 315 3322 ὅλων
337 3254 513 3321 ἀποκαλῶν
539 3252 595 3321 καί
620 3256 825 3343 δημιουργὸν
848 3255 1074 3341 ἀνθρωπίνων
1096 3254 1152 3322 καὶ

135 3364 255 3445 θείων,
285 3353 336 3440 οἷς
363 3364 465 3429 αὑτὸν
494 3360 667 3448 ἐκόσμησε,
697 3362 885 3449 προστάτην
911 3386 946 3427 τε
973 3360 1028 3426 καί
1055 3365 1151 3446 κηδε-
1165 3381 1191 3421 ³0

208 3486 222 3546 ς
241 3485 292 3535 376
313 3507 346 3529 =
367 3490 379 3537 1
395 3482 488 3542 Paral.
507 3482 624 3538 XXVIII
640 3489 680 3540 11.
