<?xml version="1.0" encoding="UTF-8"?>
<!DOCTYPE html PUBLIC "-//W3C//DTD XHTML 1.0 Transitional//EN"
    "http://www.w3.org/TR/xhtml1/DTD/xhtml1-transitional.dtd">
<html xmlns="http://www.w3.org/1999/xhtml" xml:lang="en" lang="en">
 <head>
  <title>
</title>
<meta http-equiv="Content-Type" content="text/html;charset=utf-8" />
  <meta name='ocr-system' content='tesseract 3.04.00' />
  <meta name='ocr-capabilities' content='ocr_page ocr_carea ocr_par ocr_line ocrx_word'/>
</head>
<body>
  <div class='ocr_page' id='page_1' title='image "./operaomniaposti03nabegoog_0302.png"; bbox 0 0 2400 3840; ppageno 0'>
   <div class='ocr_carea' id='block_1_1' title="bbox 108 140 754 207">
    <p class='ocr_par' dir='ltr' id='par_1_1' title="bbox 108 140 754 207">
     <span class='ocr_line' id='line_1_1' title="bbox 108 140 754 207; baseline 0 -16"><span class='ocrx_word' id='word_1_1' title='bbox 108 142 174 207; x_wconf 73' lang='lat'><strong><em>250</em></strong></span> <span class='ocrx_word' id='word_1_2' title='bbox 479 140 754 194; x_wconf 70' lang='grc' dir='ltr'><strong><em>εεεειοεοειιε</em></strong></span> 
     </span>
    </p>
   </div>
   <div class='ocr_carea' id='block_1_2' title="bbox 76 299 1175 3560">
    <p class='ocr_par' dir='ltr' id='par_1_2' title="bbox 108 299 1175 607">
     <span class='ocr_line' id='line_1_2' title="bbox 109 299 1171 389; baseline 0.001 -21"><span class='ocrx_word' id='word_1_3' title='bbox 109 311 169 369; x_wconf 86' lang='grc' dir='ltr'><strong><em>τοῦ</em></strong></span> <span class='ocrx_word' id='word_1_4' title='bbox 199 300 341 368; x_wconf 77' lang='grc' dir='ltr'><strong><em>Ἀδάδου</em></strong></span> <span class='ocrx_word' id='word_1_5' title='bbox 371 300 427 367; x_wconf 76' lang='grc' dir='ltr'><strong><em>καὶ</em></strong></span> <span class='ocrx_word' id='word_1_6' title='bbox 454 304 533 379; x_wconf 87' lang='grc' dir='ltr'><strong><em>τοὺς</em></strong></span> <span class='ocrx_word' id='word_1_7' title='bbox 559 301 682 379; x_wconf 77' lang='grc' dir='ltr'><strong><em>ἵππους</em></strong></span> <span class='ocrx_word' id='word_1_8' title='bbox 708 302 827 385; x_wconf 79' lang='grc' dir='ltr'><strong><em>λαβὼν</em></strong></span> <span class='ocrx_word' id='word_1_9' title='bbox 855 299 1070 389; x_wconf 73' lang='grc' dir='ltr'><strong><em>ἀνέστρεψεν</em></strong></span> <span class='ocrx_word' id='word_1_10' title='bbox 1095 304 1135 379; x_wconf 82' lang='grc' dir='ltr'><strong><em>είς</em></strong></span> <span class='ocrx_word' id='word_1_11' title='bbox 1169 332 1171 350; x_wconf 73' lang='lat'>³</span> 
     </span>
     <span class='ocr_line' id='line_1_3' title="bbox 108 410 1170 493; baseline 0.004 -19"><span class='ocrx_word' id='word_1_12' title='bbox 108 410 171 493; x_wconf 86' lang='grc' dir='ltr'><strong><em>τήν</em></strong></span> <span class='ocrx_word' id='word_1_13' title='bbox 193 412 301 475; x_wconf 93' lang='grc' dir='ltr'><strong><em>πόλιν.</em></strong></span> <span class='ocrx_word' id='word_1_14' title='bbox 688 420 691 421; x_wconf 68' lang='grc'>’</span> <span class='ocrx_word' id='word_1_15' title='bbox 1169 446 1170 449; x_wconf 43' lang='grc'><strong>“</strong></span> 
     </span>
     <span class='ocr_line' id='line_1_4' title="bbox 178 510 1175 607; baseline -0.001 -26"><span class='ocrx_word' id='word_1_16' title='bbox 178 517 288 598; x_wconf 80' lang='grc'>&lt;378&gt;</span> <span class='ocrx_word' id='word_1_17' title='bbox 306 522 366 580; x_wconf 92' lang='grc' dir='ltr'><strong><em>τοῦ</em></strong></span> <span class='ocrx_word' id='word_1_18' title='bbox 385 510 422 579; x_wconf 72' lang='grc' dir='ltr'><strong><em>δὲ</em></strong></span> <span class='ocrx_word' id='word_1_19' title='bbox 440 515 615 598; x_wconf 76' lang='grc' dir='ltr'><strong>προφήτου</strong></span> <span class='ocrx_word' id='word_1_20' title='bbox 633 512 954 598; x_wconf 72' lang='grc' dir='ltr'><strong><em>παρασκευάζεσθαι</em></strong></span> <span class='ocrx_word' id='word_1_21' title='bbox 972 517 1136 599; x_wconf 84' lang='grc' dir='ltr'><strong><em>φήσαντος</em></strong></span> <span class='ocrx_word' id='word_1_22' title='bbox 1169 522 1175 607; x_wconf 22' lang='grc' dir='ltr'><strong><em>ᾗ,</em></strong></span> 
     </span>
    </p>

    <p class='ocr_par' dir='ltr' id='par_1_3' title="bbox 110 607 1175 813">
     <span class='ocr_line' id='line_1_5' title="bbox 110 607 1175 707; baseline -0.001 -20"><span class='ocrx_word' id='word_1_23' title='bbox 110 619 165 687; x_wconf 77' lang='grc' dir='ltr'><strong><em>καὶ</em></strong></span> <span class='ocrx_word' id='word_1_24' title='bbox 179 622 241 704; x_wconf 84' lang='grc' dir='ltr'><strong><em>τήν</em></strong></span> <span class='ocrx_word' id='word_1_25' title='bbox 255 621 400 705; x_wconf 90' lang='grc' dir='ltr'><strong><em>δύναμιν</em></strong></span> <span class='ocrx_word' id='word_1_26' title='bbox 414 617 549 704; x_wconf 79' lang='grc' dir='ltr'><em>ἑτοίμην</em></span> <span class='ocrx_word' id='word_1_27' title='bbox 563 621 652 704; x_wconf 84' lang='grc' dir='ltr'><strong><em>ἔχειν</em></strong></span> <span class='ocrx_word' id='word_1_28' title='bbox 669 619 714 696; x_wconf 76' lang='grc' dir='ltr'><strong><em>ὡς</em></strong></span> <span class='ocrx_word' id='word_1_29' title='bbox 730 627 778 707; x_wconf 74' lang='grc' dir='ltr'><strong><em>τῷ</em></strong></span> <span class='ocrx_word' id='word_1_30' title='bbox 796 616 933 685; x_wconf 78' lang='grc' dir='ltr'><strong><em>ἐπιόντι</em></strong></span> <span class='ocrx_word' id='word_1_31' title='bbox 952 621 1061 688; x_wconf 91' lang='grc' dir='ltr'><strong><em>πάλιν</em></strong></span> <span class='ocrx_word' id='word_1_32' title='bbox 1079 625 1136 687; x_wconf 79' lang='grc' dir='ltr'><strong><em>ἔτει</em></strong></span> <span class='ocrx_word' id='word_1_33' title='bbox 1173 607 1175 702; x_wconf 71' lang='grc' dir='ltr'><strong><em>ή</em></strong></span> 
     </span>
     <span class='ocr_line' id='line_1_6' title="bbox 111 705 1175 813; baseline -0.003 -20"><span class='ocrx_word' id='word_1_34' title='bbox 111 728 370 812; x_wconf 79' lang='grc' dir='ltr'><strong><em>στρατεύσοντος</em></strong></span> <span class='ocrx_word' id='word_1_35' title='bbox 397 723 447 791; x_wconf 81' lang='grc' dir='ltr'><strong><em>ἐπ’</em></strong></span> <span class='ocrx_word' id='word_1_36' title='bbox 477 725 580 792; x_wconf 85' lang='grc' dir='ltr'><strong><em>αὐτὸν</em></strong></span> <span class='ocrx_word' id='word_1_37' title='bbox 606 733 668 790; x_wconf 84' lang='grc' dir='ltr'><strong><em>τοῦ</em></strong></span> <span class='ocrx_word' id='word_1_38' title='bbox 695 724 828 810; x_wconf 86' lang='grc' dir='ltr'><strong><em>Σύρου,</em></strong></span> <span class='ocrx_word' id='word_1_39' title='bbox 859 725 879 790; x_wconf 89' lang='grc' dir='ltr'>ὁ</span> <span class='ocrx_word' id='word_1_40' title='bbox 907 723 975 810; x_wconf 76' lang='grc' dir='ltr'><strong><em>μὲν</em></strong></span> <span class='ocrx_word' id='word_1_41' title='bbox 999 705 1175 813; x_wconf 56' lang='grc' dir='ltr'><strong><em>Ἄχαβοςιῖ</em></strong></span> 
     </span>
    </p>

    <p class='ocr_par' dir='ltr' id='par_1_4' title="bbox 76 826 1160 2294">
     <span class='ocr_line' id='line_1_7' title="bbox 76 826 1136 918; baseline 0.002 -19"><span class='ocrx_word' id='word_1_42' title='bbox 76 856 91 904; x_wconf 83' lang='grc' dir='ltr'><strong><em>ε</em></strong></span> <span class='ocrx_word' id='word_1_43' title='bbox 110 835 194 918; x_wconf 86' lang='grc' dir='ltr'><strong><em>πρὸς</em></strong></span> <span class='ocrx_word' id='word_1_44' title='bbox 211 834 341 909; x_wconf 83' lang='grc' dir='ltr'><strong><em>τούτοις</em></strong></span> <span class='ocrx_word' id='word_1_45' title='bbox 359 826 415 914; x_wconf 78' lang='grc' dir='ltr'><strong><em>ήν·</em></strong></span> <span class='ocrx_word' id='word_1_46' title='bbox 432 832 551 915; x_wconf 63' lang='grc' dir='ltr'><strong><em>,&lt;3Ί9)</em></strong></span> <span class='ocrx_word' id='word_1_47' title='bbox 570 830 588 898; x_wconf 85' lang='grc' dir='ltr'>ὁ</span> <span class='ocrx_word' id='word_1_48' title='bbox 608 828 639 895; x_wconf 85' lang='grc' dir='ltr'><strong><em>δ’</em></strong></span> <span class='ocrx_word' id='word_1_49' title='bbox 655 828 799 907; x_wconf 78' lang='grc' dir='ltr'><strong><em>’Ἀδαδος</em></strong></span> <span class='ocrx_word' id='word_1_50' title='bbox 817 831 1013 912; x_wconf 78' lang='grc' dir='ltr'><strong><em>διασωθεὶς</em></strong></span> <span class='ocrx_word' id='word_1_51' title='bbox 1032 834 1136 918; x_wconf 75' lang='grc' dir='ltr'><strong><em>ἕκτης</em></strong></span> 
     </span>
     <span class='ocr_line' id='line_1_8' title="bbox 112 935 1133 1024; baseline 0.001 -20"><span class='ocrx_word' id='word_1_52' title='bbox 112 940 217 1024; x_wconf 89' lang='grc' dir='ltr'><strong><em>μάχης</em></strong></span> <span class='ocrx_word' id='word_1_53' title='bbox 248 935 324 1022; x_wconf 90' lang='grc' dir='ltr'><strong><em>μεθ’</em></strong></span> <span class='ocrx_word' id='word_1_54' title='bbox 355 937 434 1019; x_wconf 85' lang='grc' dir='ltr'><strong><em>ὅσης</em></strong></span> <span class='ocrx_word' id='word_1_55' title='bbox 461 935 611 1020; x_wconf 76' lang='grc' dir='ltr'><strong><em>ἐδυνήθη</em></strong></span> <span class='ocrx_word' id='word_1_56' title='bbox 638 944 807 1021; x_wconf 84' lang='grc' dir='ltr'><strong><em>στρατιᾶς,</em></strong></span> <span class='ocrx_word' id='word_1_57' title='bbox 840 943 1133 1023; x_wconf 79' lang='grc' dir='ltr'><strong><em>συνεβουλεύσατο</em></strong></span> 
     </span>
     <span class='ocr_line' id='line_1_9' title="bbox 112 1042 1134 1133; baseline 0.004 -23"><span class='ocrx_word' id='word_1_58' title='bbox 112 1057 183 1120; x_wconf 80' lang='grc' dir='ltr'><strong><em>τοῖς</em></strong></span> <span class='ocrx_word' id='word_1_59' title='bbox 209 1044 313 1108; x_wconf 88' lang='grc' dir='ltr'><strong><em>αὑτοῦ</em></strong></span> <span class='ocrx_word' id='word_1_60' title='bbox 339 1046 451 1126; x_wconf 86' lang='grc' dir='ltr'><strong><em>φίλοις</em></strong></span> <span class='ocrx_word' id='word_1_61' title='bbox 473 1054 544 1120; x_wconf 84' lang='grc' dir='ltr'><strong><em>πῶς</em></strong></span> <span class='ocrx_word' id='word_1_62' title='bbox 566 1042 857 1128; x_wconf 80' lang='grc' dir='ltr'><strong><em>ἐπιστρατεύσηται</em></strong></span> <span class='ocrx_word' id='word_1_63' title='bbox 882 1057 958 1122; x_wconf 78' lang='grc' dir='ltr'><strong><em>τοῖς</em></strong></span> <span class='ocrx_word' id='word_1_64' title='bbox 980 1044 1134 1133; x_wconf 86' lang='grc' dir='ltr'><strong><em>Ἰσραηλί-</em></strong></span> 
     </span>
     <span class='ocr_line' id='line_1_10' title="bbox 112 1145 1133 1239; baseline 0.006 -26"><span class='ocrx_word' id='word_1_65' title='bbox 112 1173 191 1226; x_wconf 90' lang='grc' dir='ltr'><strong><em>ταις.</em></strong></span> <span class='ocrx_word' id='word_1_66' title='bbox 237 1151 274 1214; x_wconf 75' lang='grc' dir='ltr'><strong><em>οἱ)</em></strong></span> <span class='ocrx_word' id='word_1_67' title='bbox 298 1146 329 1212; x_wconf 85' lang='grc' dir='ltr'><strong><em>δ’</em></strong></span> <span class='ocrx_word' id='word_1_68' title='bbox 355 1148 392 1214; x_wconf 83' lang='grc' dir='ltr'><strong><em>ἐν</em></strong></span> <span class='ocrx_word' id='word_1_69' title='bbox 414 1145 476 1233; x_wconf 74' lang='grc' dir='ltr'><strong><em>μὲν</em></strong></span> <span class='ocrx_word' id='word_1_70' title='bbox 498 1161 569 1226; x_wconf 81' lang='grc' dir='ltr'><strong><em>τοϊς</em></strong></span> <span class='ocrx_word' id='word_1_71' title='bbox 591 1152 705 1234; x_wconf 77' lang='grc' dir='ltr'><strong><em>ὄρεσιν</em></strong></span> <span class='ocrx_word' id='word_1_72' title='bbox 727 1150 788 1215; x_wconf 84' lang='grc' dir='ltr'><strong><em>οὐκ</em></strong></span> <span class='ocrx_word' id='word_1_73' title='bbox 811 1148 978 1217; x_wconf 81' lang='grc' dir='ltr'><strong><em>ἐδίδοσαν</em></strong></span> <span class='ocrx_word' id='word_1_74' title='bbox 1004 1156 1133 1239; x_wconf 78' lang='grc' dir='ltr'><strong><em>γνώμην</em></strong></span> 
     </span>
     <span class='ocr_line' id='line_1_11' title="bbox 113 1253 1160 1340; baseline 0.005 -21"><span class='ocrx_word' id='word_1_75' title='bbox 113 1257 296 1340; x_wconf 72' lang='grc' dir='ltr'><strong><em>συμβαλεῖν</em></strong></span> <span class='ocrx_word' id='word_1_76' title='bbox 318 1253 444 1333; x_wconf 73' lang='grc' dir='ltr'><strong><em>αὐτοῖς·</em></strong></span> <span class='ocrx_word' id='word_1_77' title='bbox 467 1256 527 1320; x_wconf 86' lang='grc' dir='ltr'><strong><em>τὸν</em></strong></span> <span class='ocrx_word' id='word_1_78' title='bbox 549 1256 613 1340; x_wconf 83' lang='grc' dir='ltr'><strong><em>γὰρ</em></strong></span> <span class='ocrx_word' id='word_1_79' title='bbox 637 1257 721 1321; x_wconf 85' lang='grc' dir='ltr'><strong><em>θεὸν</em></strong></span> <span class='ocrx_word' id='word_1_80' title='bbox 742 1255 854 1321; x_wconf 83' lang='grc' dir='ltr'><strong><em>αὐτῶν</em></strong></span> <span class='ocrx_word' id='word_1_81' title='bbox 877 1254 917 1321; x_wconf 82' lang='grc' dir='ltr'><strong><em>ἐν</em></strong></span> <span class='ocrx_word' id='word_1_82' title='bbox 936 1269 1015 1336; x_wconf 80' lang='grc' dir='ltr'><strong><em>τοῖς</em></strong></span> <span class='ocrx_word' id='word_1_83' title='bbox 1034 1260 1160 1326; x_wconf 77' lang='grc' dir='ltr'><strong><em>τοιού-ιι</em></strong></span> 
     </span>
     <span class='ocr_line' id='line_1_12' title="bbox 112 1358 1133 1445; baseline 0.006 -20"><span class='ocrx_word' id='word_1_84' title='bbox 112 1385 182 1440; x_wconf 91' lang='grc' dir='ltr'><strong><em>τοις</em></strong></span> <span class='ocrx_word' id='word_1_85' title='bbox 210 1363 379 1428; x_wconf 88' lang='grc' dir='ltr'><strong><em>δύνασθαι</em></strong></span> <span class='ocrx_word' id='word_1_86' title='bbox 406 1364 534 1445; x_wconf 90' lang='grc' dir='ltr'><strong><em>τόποις,</em></strong></span> <span class='ocrx_word' id='word_1_87' title='bbox 561 1358 617 1426; x_wconf 77' lang='grc' dir='ltr'><strong><em>καί</em></strong></span> <span class='ocrx_word' id='word_1_88' title='bbox 644 1361 701 1426; x_wconf 79' lang='grc' dir='ltr'><strong><em>διὰ</em></strong></span> <span class='ocrx_word' id='word_1_89' title='bbox 725 1369 823 1426; x_wconf 80' lang='grc' dir='ltr'><strong><em>τοῦτο</em></strong></span> <span class='ocrx_word' id='word_1_90' title='bbox 846 1369 915 1427; x_wconf 86' lang='grc' dir='ltr'><strong><em>νῦν</em></strong></span> <span class='ocrx_word' id='word_1_91' title='bbox 938 1362 1001 1428; x_wconf 85' lang='grc' dir='ltr'><strong><em>ὑπ’</em></strong></span> <span class='ocrx_word' id='word_1_92' title='bbox 1030 1367 1133 1431; x_wconf 78' lang='grc' dir='ltr'><strong><em>αὐτῶν</em></strong></span> 
     </span>
     <span class='ocr_line' id='line_1_13' title="bbox 112 1464 1133 1556; baseline 0.005 -24"><span class='ocrx_word' id='word_1_93' title='bbox 112 1475 322 1551; x_wconf 77' lang='grc' dir='ltr'><strong><em>νενικῆσθαι·</em></strong></span> <span class='ocrx_word' id='word_1_94' title='bbox 340 1469 517 1553; x_wconf 80' lang='grc' dir='ltr'><strong><em>κρατήσειν</em></strong></span> <span class='ocrx_word' id='word_1_95' title='bbox 536 1464 566 1532; x_wconf 90' lang='grc' dir='ltr'><strong><em>δ’</em></strong></span> <span class='ocrx_word' id='word_1_96' title='bbox 589 1469 704 1549; x_wconf 82' lang='grc' dir='ltr'><strong><em>ἔλεγον</em></strong></span> <span class='ocrx_word' id='word_1_97' title='bbox 718 1465 755 1532; x_wconf 81' lang='grc' dir='ltr'><strong><em>ἐν</em></strong></span> <span class='ocrx_word' id='word_1_98' title='bbox 767 1467 870 1555; x_wconf 77' lang='grc' dir='ltr'><strong><em>πεδίῳ</em></strong></span> <span class='ocrx_word' id='word_1_99' title='bbox 884 1471 1133 1556; x_wconf 79' lang='grc' dir='ltr'><strong><em>ποιησαμένους</em></strong></span> 
     </span>
     <span class='ocr_line' id='line_1_14' title="bbox 111 1569 1133 1666; baseline 0.006 -30"><span class='ocrx_word' id='word_1_100' title='bbox 111 1572 173 1654; x_wconf 84' lang='grc' dir='ltr'><strong><em>τήν</em></strong></span> <span class='ocrx_word' id='word_1_101' title='bbox 196 1574 313 1657; x_wconf 89' lang='grc' dir='ltr'><strong><em>μάχην.</em></strong></span> <span class='ocrx_word' id='word_1_102' title='bbox 354 1574 464 1657; x_wconf 89' lang='grc'>&lt;380&gt;</span> <span class='ocrx_word' id='word_1_103' title='bbox 487 1575 731 1658; x_wconf 88' lang='grc' dir='ltr'><strong><em>συνεβούλευον</em></strong></span> <span class='ocrx_word' id='word_1_104' title='bbox 755 1569 792 1638; x_wconf 73' lang='grc' dir='ltr'><strong><em>δὲ</em></strong></span> <span class='ocrx_word' id='word_1_105' title='bbox 814 1574 899 1657; x_wconf 87' lang='grc' dir='ltr'><strong><em>πρὸς</em></strong></span> <span class='ocrx_word' id='word_1_106' title='bbox 922 1577 1038 1666; x_wconf 75' lang='grc' dir='ltr'><strong><em>τούτῳ</em></strong></span> <span class='ocrx_word' id='word_1_107' title='bbox 1062 1581 1133 1653; x_wconf 85' lang='grc' dir='ltr'><strong><em>τοὺς</em></strong></span> 
     </span>
     <span class='ocr_line' id='line_1_15' title="bbox 111 1673 1132 1764; baseline 0.008 -23"><span class='ocrx_word' id='word_1_108' title='bbox 111 1673 173 1762; x_wconf 75' lang='grc' dir='ltr'><strong><em>μὲν</em></strong></span> <span class='ocrx_word' id='word_1_109' title='bbox 196 1677 362 1763; x_wconf 78' lang='grc' dir='ltr'><strong><em>βασιλέας,</em></strong></span> <span class='ocrx_word' id='word_1_110' title='bbox 385 1679 444 1757; x_wconf 76' lang='grc' dir='ltr'><strong><em>οὓς</em></strong></span> <span class='ocrx_word' id='word_1_111' title='bbox 467 1678 646 1762; x_wconf 82' lang='grc' dir='ltr'><strong><em>ἐπηγάγετο</em></strong></span> <span class='ocrx_word' id='word_1_112' title='bbox 666 1679 869 1764; x_wconf 81' lang='grc' dir='ltr'><strong><em>συμμάχους,</em></strong></span> <span class='ocrx_word' id='word_1_113' title='bbox 891 1677 1069 1748; x_wconf 81' lang='grc' dir='ltr'><strong><em>ἀπολῦσαι</em></strong></span> <span class='ocrx_word' id='word_1_114' title='bbox 1091 1685 1132 1760; x_wconf 87' lang='grc' dir='ltr'><strong><em>είς</em></strong></span> 
     </span>
     <span class='ocr_line' id='line_1_16' title="bbox 112 1782 1159 1870; baseline -0.004 -21"><span class='ocrx_word' id='word_1_115' title='bbox 112 1786 152 1849; x_wconf 85' lang='grc' dir='ltr'><strong><em>τὰ</em></strong></span> <span class='ocrx_word' id='word_1_116' title='bbox 171 1786 287 1869; x_wconf 81' lang='grc' dir='ltr'><strong><em>οἰκεία,</em></strong></span> <span class='ocrx_word' id='word_1_117' title='bbox 305 1785 367 1870; x_wconf 83' lang='grc' dir='ltr'><strong><em>τήν</em></strong></span> <span class='ocrx_word' id='word_1_118' title='bbox 386 1782 423 1857; x_wconf 74' lang='grc' dir='ltr'><strong><em>δὲ</em></strong></span> <span class='ocrx_word' id='word_1_119' title='bbox 442 1786 599 1870; x_wconf 82' lang='grc' dir='ltr'><strong><em>στρατιάν</em></strong></span> <span class='ocrx_word' id='word_1_120' title='bbox 617 1784 729 1850; x_wconf 80' lang='grc' dir='ltr'><strong><em>αὐτῶν</em></strong></span> <span class='ocrx_word' id='word_1_121' title='bbox 746 1788 935 1868; x_wconf 80' lang='grc' dir='ltr'><strong><em>κατασχείν,</em></strong></span> <span class='ocrx_word' id='word_1_122' title='bbox 955 1785 1032 1852; x_wconf 84' lang='grc' dir='ltr'><strong><em>ἀντ’</em></strong></span> <span class='ocrx_word' id='word_1_123' title='bbox 1057 1789 1159 1855; x_wconf 79' lang='grc' dir='ltr'><strong><em>ἐκεί-ιι</em></strong></span> 
     </span>
     <span class='ocr_line' id='line_1_17' title="bbox 111 1887 1132 1980; baseline 0.006 -24"><span class='ocrx_word' id='word_1_124' title='bbox 111 1916 182 1957; x_wconf 88' lang='grc' dir='ltr'><strong><em>νων</em></strong></span> <span class='ocrx_word' id='word_1_125' title='bbox 205 1893 373 1980; x_wconf 89' lang='grc' dir='ltr'><strong><em>σατράπας</em></strong></span> <span class='ocrx_word' id='word_1_126' title='bbox 391 1893 649 1975; x_wconf 84' lang='grc' dir='ltr'><strong><em>καταστήσαντα,</em></strong></span> <span class='ocrx_word' id='word_1_127' title='bbox 672 1892 720 1968; x_wconf 84' lang='grc' dir='ltr'><strong><em>είς</em></strong></span> <span class='ocrx_word' id='word_1_128' title='bbox 739 1887 776 1956; x_wconf 74' lang='grc' dir='ltr'><strong><em>δὲ</em></strong></span> <span class='ocrx_word' id='word_1_129' title='bbox 794 1891 943 1973; x_wconf 80' lang='grc' dir='ltr'><strong><em>τὴντῶν</em></strong></span> <span class='ocrx_word' id='word_1_130' title='bbox 963 1891 1132 1962; x_wconf 78' lang='grc' dir='ltr'><strong><em>ἀπολωλό-</em></strong></span> 
     </span>
     <span class='ocr_line' id='line_1_18' title="bbox 112 1995 1133 2085; baseline 0.005 -23"><span class='ocrx_word' id='word_1_131' title='bbox 112 2021 179 2062; x_wconf 87' lang='grc' dir='ltr'><strong><em>των</em></strong></span> <span class='ocrx_word' id='word_1_132' title='bbox 205 1999 299 2077; x_wconf 85' lang='grc' dir='ltr'><strong><em>τάξιν</em></strong></span> <span class='ocrx_word' id='word_1_133' title='bbox 327 2005 588 2085; x_wconf 76' lang='grc' dir='ltr'><strong><em>στρατολογῆσαι</em></strong></span> <span class='ocrx_word' id='word_1_134' title='bbox 615 1998 760 2081; x_wconf 91' lang='grc' dir='ltr'><strong><em>δύναμιν</em></strong></span> <span class='ocrx_word' id='word_1_135' title='bbox 787 1995 823 2061; x_wconf 79' lang='grc' dir='ltr'><strong><em>ἐκ</em></strong></span> <span class='ocrx_word' id='word_1_136' title='bbox 849 2005 909 2080; x_wconf 78' lang='grc' dir='ltr'><strong><em>τῆς</em></strong></span> <span class='ocrx_word' id='word_1_137' title='bbox 934 2000 1052 2084; x_wconf 84' lang='grc' dir='ltr'><strong><em>χώρας</em></strong></span> <span class='ocrx_word' id='word_1_138' title='bbox 1079 2010 1133 2084; x_wconf 77' lang='grc' dir='ltr'><strong><em>τῆς</em></strong></span> 
     </span>
     <span class='ocr_line' id='line_1_19' title="bbox 112 2100 1133 2191; baseline 0.005 -24"><span class='ocrx_word' id='word_1_139' title='bbox 112 2104 223 2168; x_wconf 83' lang='grc' dir='ltr'><strong><em>αὐτῶν</em></strong></span> <span class='ocrx_word' id='word_1_140' title='bbox 249 2102 305 2168; x_wconf 83' lang='grc' dir='ltr'><strong><em>καὶ</em></strong></span> <span class='ocrx_word' id='word_1_141' title='bbox 333 2106 455 2180; x_wconf 81' lang='grc' dir='ltr'><strong><em>ἵππους</em></strong></span> <span class='ocrx_word' id='word_1_142' title='bbox 476 2103 532 2170; x_wconf 83' lang='grc' dir='ltr'><strong><em>καὶ</em></strong></span> <span class='ocrx_word' id='word_1_143' title='bbox 555 2106 691 2191; x_wconf 77' lang='grc' dir='ltr'><strong><em>δέρματα.</em></strong></span> <span class='ocrx_word' id='word_1_144' title='bbox 737 2102 917 2188; x_wconf 78' lang='grc' dir='ltr'><strong><em>δοκιμάσας</em></strong></span> <span class='ocrx_word' id='word_1_145' title='bbox 940 2100 1007 2170; x_wconf 83' lang='grc' dir='ltr'><strong><em>οὖν</em></strong></span> <span class='ocrx_word' id='word_1_146' title='bbox 1030 2117 1133 2172; x_wconf 86' lang='grc' dir='ltr'><strong><em>ταῦτα</em></strong></span> 
     </span>
     <span class='ocr_line' id='line_1_20' title="bbox 114 2209 992 2294; baseline 0.006 -25"><span class='ocrx_word' id='word_1_147' title='bbox 114 2210 269 2292; x_wconf 76' lang='grc' dir='ltr'><strong><em>εἰρῆσθαι</em></strong></span> <span class='ocrx_word' id='word_1_148' title='bbox 291 2213 400 2283; x_wconf 86' lang='grc' dir='ltr'><strong><em>καλῶς</em></strong></span> <span class='ocrx_word' id='word_1_149' title='bbox 423 2209 515 2272; x_wconf 76' lang='grc' dir='ltr'><strong><em>οὕτω</em></strong></span> <span class='ocrx_word' id='word_1_150' title='bbox 534 2211 728 2293; x_wconf 85' lang='grc' dir='ltr'><strong><em>διεκόσμησε</em></strong></span> <span class='ocrx_word' id='word_1_151' title='bbox 750 2209 812 2294; x_wconf 86' lang='grc' dir='ltr'><strong><em>τήν</em></strong></span> <span class='ocrx_word' id='word_1_152' title='bbox 835 2209 992 2293; x_wconf 89' lang='grc' dir='ltr'><strong><em>δύναμιν.</em></strong></span> 
     </span>
    </p>

    <p class='ocr_par' dir='ltr' id='par_1_5' title="bbox 76 2309 1164 3460">
     <span class='ocr_line' id='line_1_21' title="bbox 76 2309 1161 2404; baseline 0.01 -31"><span class='ocrx_word' id='word_1_153' title='bbox 76 2334 93 2382; x_wconf 83' lang='grc'>4</span> <span class='ocrx_word' id='word_1_154' title='bbox 178 2311 288 2394; x_wconf 87' lang='grc'>&lt;381&gt;</span> <span class='ocrx_word' id='word_1_155' title='bbox 307 2311 493 2396; x_wconf 83' lang='grc' dir='ltr'><strong><em>ἀρξαμένου</em></strong></span> <span class='ocrx_word' id='word_1_156' title='bbox 513 2309 550 2376; x_wconf 75' lang='grc' dir='ltr'><strong><em>δὲ</em></strong></span> <span class='ocrx_word' id='word_1_157' title='bbox 568 2322 628 2377; x_wconf 83' lang='grc' dir='ltr'><strong><em>τοῦ</em></strong></span> <span class='ocrx_word' id='word_1_158' title='bbox 647 2317 746 2399; x_wconf 84' lang='grc' dir='ltr'><strong><em>ἔαροις</em></strong></span> <span class='ocrx_word' id='word_1_159' title='bbox 764 2315 942 2398; x_wconf 84' lang='grc' dir='ltr'><strong><em>ἀναλαβὼν</em></strong></span> <span class='ocrx_word' id='word_1_160' title='bbox 954 2317 1021 2399; x_wconf 83' lang='grc' dir='ltr'><strong><em>τήν</em></strong></span> <span class='ocrx_word' id='word_1_161' title='bbox 1036 2334 1161 2404; x_wconf 69' lang='grc' dir='ltr'><strong><em>στρα-ίο</em></strong></span> 
     </span>
     <span class='ocr_line' id='line_1_22' title="bbox 111 2407 1131 2506; baseline 0.006 -24"><span class='ocrx_word' id='word_1_162' title='bbox 111 2417 186 2482; x_wconf 85' lang='grc' dir='ltr'><strong><em>τιδιν</em></strong></span> <span class='ocrx_word' id='word_1_163' title='bbox 203 2407 285 2498; x_wconf 72' lang='grc' dir='ltr'><strong><em>ἦγεν</em></strong></span> <span class='ocrx_word' id='word_1_164' title='bbox 305 2414 357 2481; x_wconf 77' lang='grc' dir='ltr'><strong><em>ἐπὶ</em></strong></span> <span class='ocrx_word' id='word_1_165' title='bbox 375 2419 453 2493; x_wconf 87' lang='grc' dir='ltr'><strong><em>τοὺς</em></strong></span> <span class='ocrx_word' id='word_1_166' title='bbox 468 2414 651 2502; x_wconf 84' lang='grc' dir='ltr'><strong><em>Ἑβραίους,</em></strong></span> <span class='ocrx_word' id='word_1_167' title='bbox 669 2417 725 2483; x_wconf 83' lang='grc' dir='ltr'><strong><em>καὶ</em></strong></span> <span class='ocrx_word' id='word_1_168' title='bbox 745 2423 922 2506; x_wconf 88' lang='grc' dir='ltr'><strong><em>γενόμενος</em></strong></span> <span class='ocrx_word' id='word_1_169' title='bbox 937 2424 1024 2506; x_wconf 85' lang='grc' dir='ltr'><strong><em>πρὸς</em></strong></span> <span class='ocrx_word' id='word_1_170' title='bbox 1038 2427 1131 2490; x_wconf 87' lang='grc' dir='ltr'><strong><em>πόλει</em></strong></span> 
     </span>
     <span class='ocr_line' id='line_1_23' title="bbox 111 2520 1131 2615; baseline 0.008 -27"><span class='ocrx_word' id='word_1_171' title='bbox 111 2526 181 2588; x_wconf 92' lang='grc' dir='ltr'><strong><em>τινί</em></strong></span> <span class='ocrx_word' id='word_1_172' title='bbox 203 2520 336 2610; x_wconf 79' lang='grc' dir='ltr'><strong><em>(Ἀφεκὰ</em></strong></span> <span class='ocrx_word' id='word_1_173' title='bbox 360 2520 390 2589; x_wconf 87' lang='grc' dir='ltr'><strong><em>δ’</em></strong></span> <span class='ocrx_word' id='word_1_174' title='bbox 412 2523 518 2608; x_wconf 85' lang='grc' dir='ltr'><strong><em>αὐτήν</em></strong></span> <span class='ocrx_word' id='word_1_175' title='bbox 540 2525 713 2601; x_wconf 66' lang='grc' dir='ltr'><strong><em>καλοῦσιν)</em></strong></span> <span class='ocrx_word' id='word_1_176' title='bbox 736 2525 774 2591; x_wconf 79' lang='grc' dir='ltr'><strong><em>ἐν</em></strong></span> <span class='ocrx_word' id='word_1_177' title='bbox 797 2527 927 2615; x_wconf 80' lang='grc' dir='ltr'><strong><em>μεγάλῳ</em></strong></span> <span class='ocrx_word' id='word_1_178' title='bbox 952 2542 1131 2613; x_wconf 89' lang='grc' dir='ltr'><strong><em>στρατοπε-</em></strong></span> 
     </span>
     <span class='ocr_line' id='line_1_24' title="bbox 113 2628 1131 2722; baseline 0.004 -26"><span class='ocrx_word' id='word_1_179' title='bbox 113 2632 242 2697; x_wconf 88' lang='grc' dir='ltr'><strong><em>δεύεται</em></strong></span> <span class='ocrx_word' id='word_1_180' title='bbox 267 2632 380 2722; x_wconf 78' lang='grc' dir='ltr'><strong><em>πεδίμ.</em></strong></span> <span class='ocrx_word' id='word_1_181' title='bbox 421 2629 564 2718; x_wconf 75' lang='grc' dir='ltr'><strong><em>’Ἁχαβος</em></strong></span> <span class='ocrx_word' id='word_1_182' title='bbox 587 2628 618 2697; x_wconf 88' lang='grc' dir='ltr'><strong><em>δ’</em></strong></span> <span class='ocrx_word' id='word_1_183' title='bbox 644 2631 833 2715; x_wconf 84' lang='grc' dir='ltr'><strong><em>ἀπαντήσας</em></strong></span> <span class='ocrx_word' id='word_1_184' title='bbox 856 2632 945 2719; x_wconf 74' lang='grc' dir='ltr'><strong><em>αὐτῷ</em></strong></span> <span class='ocrx_word' id='word_1_185' title='bbox 968 2637 1052 2717; x_wconf 80' lang='grc' dir='ltr'><strong><em>μετὰ</em></strong></span> <span class='ocrx_word' id='word_1_186' title='bbox 1075 2644 1131 2718; x_wconf 78' lang='grc' dir='ltr'><strong><em>τῆς</em></strong></span> 
     </span>
     <span class='ocr_line' id='line_1_25' title="bbox 114 2733 1131 2825; baseline 0.004 -22"><span class='ocrx_word' id='word_1_187' title='bbox 114 2739 286 2823; x_wconf 84' lang='grc' dir='ltr'><strong><em>δυνάμεως</em></strong></span> <span class='ocrx_word' id='word_1_188' title='bbox 309 2737 704 2825; x_wconf 85' lang='grc' dir='ltr'><strong><em>ἀντεστρατοπεδεύσατο·</em></strong></span> <span class='ocrx_word' id='word_1_189' title='bbox 733 2738 865 2823; x_wconf 85' lang='grc' dir='ltr'><strong><em>σφόδρα</em></strong></span> <span class='ocrx_word' id='word_1_190' title='bbox 890 2735 921 2803; x_wconf 88' lang='grc' dir='ltr'><strong><em>δ’</em></strong></span> <span class='ocrx_word' id='word_1_191' title='bbox 946 2733 991 2820; x_wconf 78' lang='grc' dir='ltr'><strong><em>ἦν</em></strong></span> <span class='ocrx_word' id='word_1_192' title='bbox 1015 2741 1131 2824; x_wconf 80' lang='grc' dir='ltr'><strong><em>ὀλίγον</em></strong></span> 
     </span>
     <span class='ocr_line' id='line_1_26' title="bbox 114 2843 1163 2932; baseline -0.003 -25"><span class='ocrx_word' id='word_1_193' title='bbox 114 2846 218 2910; x_wconf 86' lang='grc' dir='ltr'><strong><em>αὐτοῦ</em></strong></span> <span class='ocrx_word' id='word_1_194' title='bbox 249 2846 286 2909; x_wconf 93' lang='grc' dir='ltr'><strong><em>τὸ</em></strong></span> <span class='ocrx_word' id='word_1_195' title='bbox 318 2845 503 2930; x_wconf 86' lang='grc' dir='ltr'><strong><em>στράτευμα</em></strong></span> <span class='ocrx_word' id='word_1_196' title='bbox 529 2848 613 2931; x_wconf 88' lang='grc' dir='ltr'><strong><em>πρὸς</em></strong></span> <span class='ocrx_word' id='word_1_197' title='bbox 639 2849 717 2923; x_wconf 85' lang='grc' dir='ltr'><strong><em>τοὺς</em></strong></span> <span class='ocrx_word' id='word_1_198' title='bbox 743 2847 922 2929; x_wconf 89' lang='grc' dir='ltr'><strong><em>πολεμίους</em></strong></span> <span class='ocrx_word' id='word_1_199' title='bbox 948 2843 1163 2932; x_wconf 78' lang='grc' dir='ltr'><strong><em>άντιπαρα-ιι</em></strong></span> 
     </span>
     <span class='ocr_line' id='line_1_27' title="bbox 114 2949 1132 3037; baseline 0.005 -24"><span class='ocrx_word' id='word_1_200' title='bbox 114 2953 328 3033; x_wconf 88' lang='grc' dir='ltr'><strong><em>βαλλόμενον.</em></strong></span> <span class='ocrx_word' id='word_1_201' title='bbox 375 2950 484 3033; x_wconf 78' lang='lat'>&lt;382&gt;</span> <span class='ocrx_word' id='word_1_202' title='bbox 517 2961 578 3016; x_wconf 86' lang='grc' dir='ltr'><strong><em>τοῦ</em></strong></span> <span class='ocrx_word' id='word_1_203' title='bbox 610 2949 648 3016; x_wconf 71' lang='grc' dir='ltr'><strong><em>δὲ</em></strong></span> <span class='ocrx_word' id='word_1_204' title='bbox 678 2953 852 3037; x_wconf 82' lang='grc' dir='ltr'><strong><em>προφήτου</em></strong></span> <span class='ocrx_word' id='word_1_205' title='bbox 881 2955 1132 3034; x_wconf 84' lang='grc' dir='ltr'><strong><em>προσελθόντος</em></strong></span> 
     </span>
     <span class='ocr_line' id='line_1_28' title="bbox 114 3051 1130 3145; baseline 0.006 -28"><span class='ocrx_word' id='word_1_206' title='bbox 114 3053 203 3140; x_wconf 80' lang='grc' dir='ltr'><strong><em>αὐτῷ</em></strong></span> <span class='ocrx_word' id='word_1_207' title='bbox 225 3053 330 3118; x_wconf 87' lang='grc' dir='ltr'><strong><em>πάλιν</em></strong></span> <span class='ocrx_word' id='word_1_208' title='bbox 347 3051 403 3118; x_wconf 84' lang='grc' dir='ltr'><strong><em>καὶ</em></strong></span> <span class='ocrx_word' id='word_1_209' title='bbox 425 3057 523 3134; x_wconf 90' lang='grc' dir='ltr'><strong><em>νίκην</em></strong></span> <span class='ocrx_word' id='word_1_210' title='bbox 545 3057 605 3119; x_wconf 91' lang='grc' dir='ltr'><strong><em>τὸν</em></strong></span> <span class='ocrx_word' id='word_1_211' title='bbox 627 3057 711 3121; x_wconf 85' lang='grc' dir='ltr'><strong><em>θεὸν</em></strong></span> <span class='ocrx_word' id='word_1_212' title='bbox 734 3057 823 3145; x_wconf 79' lang='grc' dir='ltr'><strong><em>αὐτῷ</em></strong></span> <span class='ocrx_word' id='word_1_213' title='bbox 846 3056 978 3121; x_wconf 91' lang='grc' dir='ltr'><strong><em>διδόναι</em></strong></span> <span class='ocrx_word' id='word_1_214' title='bbox 1002 3059 1130 3140; x_wconf 86' lang='grc' dir='ltr'><strong><em>φήσαν-</em></strong></span> 
     </span>
     <span class='ocr_line' id='line_1_29' title="bbox 114 3158 1132 3246; baseline 0.005 -23"><span class='ocrx_word' id='word_1_215' title='bbox 114 3182 180 3241; x_wconf 87' lang='grc' dir='ltr'><strong><em>τος,</em></strong></span> <span class='ocrx_word' id='word_1_216' title='bbox 203 3159 259 3223; x_wconf 79' lang='grc' dir='ltr'><strong><em>ἵνα</em></strong></span> <span class='ocrx_word' id='word_1_217' title='bbox 280 3158 342 3240; x_wconf 83' lang='grc' dir='ltr'><strong><em>τήν</em></strong></span> <span class='ocrx_word' id='word_1_218' title='bbox 365 3158 455 3223; x_wconf 77' lang='grc' dir='ltr'><strong><em>ἰδίαν</em></strong></span> <span class='ocrx_word' id='word_1_219' title='bbox 479 3159 576 3240; x_wconf 83' lang='grc' dir='ltr'><strong><em>ἰσχὺν</em></strong></span> <span class='ocrx_word' id='word_1_220' title='bbox 598 3158 798 3242; x_wconf 81' lang='grc' dir='ltr'><strong><em>ἐπιδείξηται</em></strong></span> <span class='ocrx_word' id='word_1_221' title='bbox 816 3163 861 3246; x_wconf 85' lang='grc' dir='ltr'><strong><em>μή</em></strong></span> <span class='ocrx_word' id='word_1_222' title='bbox 880 3163 985 3246; x_wconf 91' lang='grc' dir='ltr'><strong><em>μόνον</em></strong></span> <span class='ocrx_word' id='word_1_223' title='bbox 1005 3162 1042 3228; x_wconf 80' lang='grc' dir='ltr'><strong><em>ἐν</em></strong></span> <span class='ocrx_word' id='word_1_224' title='bbox 1061 3175 1132 3240; x_wconf 82' lang='grc' dir='ltr'><strong><em>τοῖς</em></strong></span> 
     </span>
     <span class='ocr_line' id='line_1_30' title="bbox 114 3262 1131 3354; baseline 0.005 -25"><span class='ocrx_word' id='word_1_225' title='bbox 114 3267 228 3350; x_wconf 79' lang='grc' dir='ltr'><strong><em>ὄρεσιν</em></strong></span> <span class='ocrx_word' id='word_1_226' title='bbox 255 3264 338 3330; x_wconf 82' lang='grc' dir='ltr'><strong><em>ἀλλὰ</em></strong></span> <span class='ocrx_word' id='word_1_227' title='bbox 364 3262 430 3328; x_wconf 59' lang='grc' dir='ltr'><strong><em>κάν,</em></strong></span> <span class='ocrx_word' id='word_1_228' title='bbox 453 3274 523 3340; x_wconf 79' lang='grc' dir='ltr'><strong><em>τοῖς</em></strong></span> <span class='ocrx_word' id='word_1_229' title='bbox 550 3264 678 3341; x_wconf 88' lang='grc' dir='ltr'><strong><em>πεδίοις</em></strong></span> <span class='ocrx_word' id='word_1_230' title='bbox 704 3266 935 3351; x_wconf 86' lang='grc' dir='ltr'><strong><em>ὑπάρχουσαν,</em></strong></span> <span class='ocrx_word' id='word_1_231' title='bbox 962 3268 1042 3354; x_wconf 81' lang='grc' dir='ltr'><strong><em>ὅπερ</em></strong></span> <span class='ocrx_word' id='word_1_232' title='bbox 1069 3270 1131 3334; x_wconf 90' lang='grc' dir='ltr'><strong><em>ούιι</em></strong></span> 
     </span>
     <span class='ocr_line' id='line_1_31' title="bbox 114 3365 1164 3460; baseline 0.008 -27"><span class='ocrx_word' id='word_1_233' title='bbox 114 3365 200 3434; x_wconf 77' lang='grc' dir='ltr'><strong><em>εἶναι</em></strong></span> <span class='ocrx_word' id='word_1_234' title='bbox 225 3370 318 3434; x_wconf 74' lang='grc' dir='ltr'><strong><em>δοκεῖ</em></strong></span> <span class='ocrx_word' id='word_1_235' title='bbox 338 3378 407 3447; x_wconf 82' lang='grc' dir='ltr'><strong><em>τοίς</em></strong></span> <span class='ocrx_word' id='word_1_236' title='bbox 425 3369 562 3454; x_wconf 90' lang='grc' dir='ltr'><strong><em>Σύροις,</em></strong></span> <span class='ocrx_word' id='word_1_237' title='bbox 585 3367 665 3435; x_wconf 81' lang='grc' dir='ltr'><strong><em>ἑπτὰ</em></strong></span> <span class='ocrx_word' id='word_1_238' title='bbox 688 3366 750 3454; x_wconf 71' lang='grc' dir='ltr'><strong><em>μὲν</em></strong></span> <span class='ocrx_word' id='word_1_239' title='bbox 772 3370 895 3456; x_wconf 78' lang='grc' dir='ltr'><strong><em>ἡμέρας</em></strong></span> <span class='ocrx_word' id='word_1_240' title='bbox 913 3374 1164 3460; x_wconf 64' lang='grc' dir='ltr'><strong><em>άντεστρατο-εῠ</em></strong></span> 
     </span>
    </p>

    <p class='ocr_par' dir='ltr' id='par_1_6' title="bbox 186 3489 566 3560">
     <span class='ocr_line' id='line_1_32' title="bbox 186 3489 566 3560; baseline 0.011 -19"><span class='ocrx_word' id='word_1_241' title='bbox 186 3493 269 3552; x_wconf 74' lang='grc' dir='ltr'><strong><em>ςειε</em></strong></span> <span class='ocrx_word' id='word_1_242' title='bbox 289 3516 322 3534; x_wconf 90' lang='grc'><strong><em>--</em></strong></span> <span class='ocrx_word' id='word_1_243' title='bbox 341 3490 438 3560; x_wconf 65' lang='grc' dir='ltr'><strong><em>εεις.</em></strong></span> <span class='ocrx_word' id='word_1_244' title='bbox 457 3489 566 3545; x_wconf 77' lang='grc' dir='ltr'><strong><em>ΧΧεε.</em></strong></span> 
     </span>
    </p>
   </div>
   <div class='ocr_carea' id='block_1_3' title="bbox 0 0 1210 3840">
    <p class='ocr_par' dir='ltr' id='par_1_7' title="bbox 0 0 1210 3840">
     <span class='ocr_line' id='line_1_33' title="bbox 0 0 1210 3840; baseline 0 0"><span class='ocrx_word' id='word_1_245' title='bbox 0 0 1210 3840; x_wconf 95' lang='lat' dir='ltr'><strong><em> </em></strong></span> 
     </span>
    </p>
   </div>
  </div>
 </body>
</html>
