2400 3840
115 126 179 218 144
264 55 325 95 Ν
486 68 804 182 ιειωιοεονιιε.

113 283 198 354 εἶναι
223 289 398 374 σύμφορον
421 287 546 370 ἀνοχὴν
568 295 614 374 τῷ
633 288 772 376 Σαβαίφ
794 289 939 369 διδόναι,
963 289 1020 371 μή,
1044 290 1131 370 γενό-

113 418 212 480 μενος
231 392 268 459 έν
285 397 415 460 πλείονι
433 402 634 479 παρασκευῇ,
653 395 813 477 μειζόνων
831 404 945 459 κακῶν
962 392 1020 458 καὶ
1034 416 1132 479 πραγ-

113 502 226 586 μάτων
253 507 359 578 αίτιος
385 499 406 583 ή
431 497 657 584 Ἀβεσάλωμος
683 500 798 577 αὐτοῖς
823 498 963 582 κατέστη
991 498 1132 584 γένηται.

112 609 222 692 <282>
245 607 301 691 μή
320 610 474 692 περίμενε
496 610 614 673 τοίνυν
638 608 685 671 έτι
704 606 819 691 μηδέν,
842 606 926 672 ἀλλὰ
945 607 1008 689 τήν
1032 603 1134 673 οὖσαν

112 715 315 801 παραλαβών
344 715 489 796 δύναμιν
516 711 571 777 καὶ
598 715 677 790 τοὺς
704 710 895 791 ἑξακοσίους
926 711 997 798 μετ’
1026 712 1154 799 Ἀβεσε

116 825 213 887 σαίου
245 819 414 904 τάδελφοῦ
447 836 509 885 σου
542 821 641 886 δίωκε
668 821 728 885 τὸν
754 818 929 904 πολέμιον,
961 818 1018 886 καὶ
1052 823 1149 909 ὅπου,

115 926 188 994 ποτ’
215 926 257 991 δν
280 926 383 992 αὐτὸν
406 926 593 1011 καταλάβῃς
616 929 711 1009 όντα,
738 926 917 1011 πειράθητι
942 930 1134 1011 συμβαλεῖν.

116 1033 308 1099 σπούδασον
332 1030 362 1097 δ’
389 1033 491 1098 αὐτὸν
514 1033 660 1116 φθάσαι,
688 1033 732 1117 μή
755 1035 868 1109 πόλεις
890 1033 1015 1119 ὀχυράς
1039 1022 1152 1100 κατα-ι

116 1141 299 1222 λαβόμενος
327 1139 459 1222 ἀγῶνας
487 1138 567 1225 ήμῖν
599 1137 654 1205 καί
681 1142 826 1216 πολλοὺς
858 1140 1001 1226 ἱδρῶτας
1033 1164 1135 1227 παρα-

117 1245 282 1331 σκευάσηῖ
1146 1269 1166 1309 ω

82 1357 97 1404 7
185 1353 295 1437 <283>
315 1350 447 1436 Ἰώαβος
471 1349 501 1416 δ’
523 1349 633 1417 οὐκέτι
654 1350 788 1436 μέλλειν
807 1355 947 1439 ἔκρινεν,
970 1353 1057 1420 άλλδι
1080 1357 1135 1420 τόν

117 1458 145 1525 τ’
171 1459 321 1543 ἀδελφὸν
347 1457 504 1535 καὶτοὺς
531 1456 722 1536 ἑξακοσίους
748 1461 964 1544 παραλαβών,
992 1459 1049 1525 καὶ
1078 1462 1134 1542 ὅση

117 1565 215 1648 λοιπή
238 1566 379 1649 δύναμις
400 1560 443 1648 ήν
463 1562 499 1630 έν
519 1571 590 1640 τοῖς
604 1562 846 1650 Ἱεροσολύμοις
863 1564 1004 1631 ἕπεσθαι
1027 1568 1136 1633 κελεύ-

118 1688 191 1755 σας,
220 1669 408 1757 ἐξώρμησεν
436 1670 490 1738 έπὶ
516 1672 576 1738 τὸν
599 1675 761 1755 Σαβαῖον.
806 1673 870 1755 ήδη
898 1670 929 1736 δ’
955 1672 992 1738 έν
1018 1677 1050 1738 Γ
1046 1680 1136 1761 αβαῷ

117 1775 222 1866 (κώμη
247 1776 277 1844 δ’
304 1777 394 1845 ἐστὶν
418 1779 500 1862 αὕτη
525 1780 681 1855 σταδίους
704 1776 872 1862 ἀπέχουσα
896 1781 1136 1867 τετταράκοντα
1148 1797 1167 1839 1⁵

118 1899 186 1953 τῶν
202 1885 454 1974 Ἱεροσολύμων)
479 1884 707 1970 γεγενημένος,
730 1885 858 1968 πολλήν
874 1883 1013 1969 Ἀμεσσᾶ
1038 1889 1137 1954 δόνα·
1165 1940 1168 1945 -

119 2018 177 2078 μιν
204 1997 358 2078 ἄγοντος,
391 1993 577 2076 ἀπήντησεν
609 1993 698 2081 αὐτῷ
726 1989 942 2076 διεζωσμένος
972 1994 1138 2082 μάχαιραν

118 2098 174 2164 καὶ
197 2101 335 2184 θώρακα
354 2098 573 2183 ἐνδεδυμένος
588 2097 733 2182 Ἰώαβος·
758 2097 868 2181 <284>
887 2103 1087 2183 προσιόντος
1106 2084 1149 2167 δἸ

119 2204 333 2269 ἀσπάσασθαι
368 2214 428 2268 τοῦ
463 2203 616 2288 Ἀμεσσῖι,
653 2188 844 2288 φιλοτεχνεῖ
877 2206 939 2288 τήν
973 2207 1137 2294 μάχαιραν

120 2296 312 2392 αὐτομάτως
335 2308 370 2373 ἐκ
393 2317 451 2393 τής
469 2310 577 2391 θήκης
596 2308 753 2374 ἐκπεσεῖν.
796 2313 961 2396 βαστάσας
980 2312 1011 2376 δ’
1034 2316 1138 2398 αὐτήν
1150 2330 1171 2373 ιο

120 2413 184 2480 άπὸ
208 2424 267 2498 τής
289 2422 363 2499 γής,
390 2412 446 2479 καί
473 2422 512 2499 τή
537 2412 713 2502 ἕτερατὸν
733 2413 894 2500 Ἀμεσσδιν
923 2418 1022 2501 έγγὺς
1045 2424 1138 2504 γενό-

120 2544 223 2607 μενον
241 2522 286 2600 ὡς
305 2523 541 2606 καταφιλήσων
558 2529 619 2587 τοῦ
637 2525 769 2606 γενείου
787 2527 980 2610 λαβόμενος,
1000 2528 1041 2592 οὐ
1060 2550 1139 2614 προ-

121 2632 277 2715 ιδόμενον
301 2633 348 2708 είς
374 2631 436 2714 τήν
463 2628 605 2717 γαστέρα
632 2629 756 2714 πλήξας
787 2629 992 2716 ἀπέκτεινεν,
1025 2630 1139 2719 ἀσεβὲς

121 2741 220 2824 ἔργον
248 2738 511 2825 διαπραξάμενος
539 2737 595 2804 καὶ
622 2743 791 2814 παντελῶς
823 2737 976 2822 άνόσιον,
1008 2739 1139 2822 άγαθὸν

121 2849 259 2910 νεανίαν
272 2844 327 2911 καὶ
342 2855 486 2929 συγγενή
506 2843 561 2911 καί
575 2841 679 2930 μηδὲν
693 2843 896 2926 ἀδικήσαντα
915 2848 1140 2930 ζηλοτυπήσας
1152 2861 1174 2903 2⁵

91 3018 94 3020 ,
120 2961 180 3036 τής
203 2954 399 3036 στρατηγίας
426 2950 481 3016 καὶ
508 2959 567 3034 τής
593 2951 681 3034 παρὰ
708 2959 753 3036 τῷ
777 2953 909 3033 βασιλεῖ
921 2953 1015 3037 πρὸς
1038 2954 1140 3019 αὐτὸν

123 3058 294 3142 ι’σοτιμίας.
341 3057 449 3140 <285>
475 3058 530 3121 διά
553 3057 677 3136 ταύτην
699 3056 762 3141 γάρ
786 3056 847 3139 τήν
871 3059 982 3122 αἰτίαν
1004 3056 1140 3125 καὶτὸν

120 3161 320 3248 Ἀβέννηρον
340 3161 531 3245 ἐφόνευσεν.
564 3158 635 3226 ἀλλ’
656 3159 762 3226 έκεῖνο
777 3159 839 3246 μὲν
858 3164 1016 3231 αὐτοῦτὸ
1036 3188 1140 3251 παρα-

123 3272 254 3355 νόμημα
277 3270 444 3355 πρόφασις
467 3266 630 3352 εὐπρεπής
653 3269 868 3350 συγγνωστὸν
890 3269 996 3336 έδόκει
1020 3282 1140 3356 ποιεῖν,

123 3373 268 3458 ἁδελφὸς
297 3373 453 3459 Ἀσάηλος
485 3373 717 3456 έκδεδικήσθαι
749 3377 975 3460 νομιζόμενος·
1013 3389 1073 3444 τοῦ
1107 3377 1138 3444 δ’
1154 3396 1177 3437 ω

194 3495 568 3565 ςωεηωῃε

374 3776 461 3791 Δια.
496 3788 498 3791 ,
