2400 3840
113 133 179 197 212
482 128 757 182 ΑΡΧΔΙΟΔΟΡΙΔΣ

113 318 199 380 ματα
221 305 330 371 κακῶς
353 295 440 378 ἔχειν
462 292 581 376 ῆρχετο
605 291 662 356 διὰ
683 291 742 368 τὰς
763 286 1016 377 προειρημένας
1039 312 1144 375 παρα·

114 404 232 487 νομίας
249 398 304 464 καὶ
322 399 384 482 τήν
401 398 507 484 ὀργήν
525 398 586 481 τήν
605 394 656 463 ἐπ’
677 397 792 473 αὐτοῖς
809 404 871 462 τοῦ
889 401 993 479 θεοῦ,
1015 412 1144 481 συγχω-

115 509 279 594 ρήσαντος
299 510 482 592 Φαραῶνος
503 502 676 591 δ”Αδερος
691 497 772 587 ῆιιεν
790 504 838 581 είς
855 503 921 586 τήν
935 499 1143 587 Ἰδουμαίαν.

113 611 170 679 καὶ
206 613 251 697 μῆ
288 609 450 695 δυνηθεὶς
485 610 591 694 αὐτήν
622 609 806 694 ἀποστῆσαι
837 617 901 674 τοῦ
933 613 1145 693 Σολομῶνος

115 717 297 807 (κατείχετο
320 720 383 803 γάρ
407 729 573 804 φρουραῖς
594 722 749 800 πολλαῖς,
770 712 827 781 καὶ
849 713 913 780 οὐκ
935 709 982 798 ῆν
1008 714 1165 781 ἐλεήσει)

116 850 174 912 ρος
206 824 251 890 δι’
281 826 384 901 αὐτάς
416 821 489 890 οὐδ’
521 821 571 892 ἐπ’
602 822 716 900 ἀδείας
743 822 762 888 ὁ
789 820 1034 908 νεωτερισμός)
1063 825 1144 910 άρας

117 931 247 998 ἐκεῖθεν
270 934 318 1008 είς
339 931 402 1014 τήν
423 933 556 1014 Συρίαν
579 928 726 1015 ἀφίκετο.
740 927 872 1012 ·’<204>
895 930 1089 1013 συμβαλὼν
1110 926 1140 993 δ’

117 1036 185 1103 έκεῑ
205 1033 273 1101 τινὶ
292 1034 453 1125 Ῥοιαζάρφ
477 1033 539 1121 μὲν
561 1036 719 1121 τοῦνομα,
741 1035 801 1101 τὸν
823 1029 862 1099 δέ
882 1041 946 1118 τῆς
969 1039 1143 1121 Σωφηνῆς

116 1142 356 1228 ἀποδεδρακότι
384 1139 522 1226 βασιλέα
542 1140 743 1230 Ἀδραάζαρον
768 1141 936 1223 δεσπότην
958 1142 1062 1226 ὄντα,
1090 1139 1141 1206 καὶ

116 1249 309 1335 ληστεύοντι
331 1249 393 1333 τήν
415 1248 538 1336 χῶραν,
560 1250 608 1326 είς
630 1249 749 1334 φιλίαν
771 1246 861 1334 αὐτῷ
879 1245 1042 1326 συνάψας
1061 1251 1172 1333 ἔχωντι

116 1380 148 1422 τι
176 1355 253 1443 περὶ
278 1357 381 1422 αὑτὸν
405 1365 523 1439 στίφος
545 1356 722 1438 ληστριιιὸν
745 1353 935 1438 ἀναβαίνει,
962 1351 1023 1417 καὶ
1047 1378 1141 1420 κατα-

117 1465 207 1547 σχὼν
233 1463 295 1546 τήν
324 1460 392 1528 ἐκεῖ
414 1463 548 1545 Συρίαν
576 1462 732 1544 βασιλεὺς
759 1458 862 1542 αὐτῆς
888 1455 1141 1543 ἀποδείκνυται,

116 1567 172 1632 καὶ
195 1566 404 1652 κατατρέχων
422 1566 483 1649 τήν
504 1577 572 1632 τῶν
591 1564 804 1652 Ἰσραηλιτῶν
822 1572 886 1648 γῆν
904 1562 1015 1631 ἐποίει
1034 1579 1141 1644 κακῶς

116 1670 172 1738 καὶ
196 1674 352 1758 διήρπαζε
375 1678 579 1758 Σολομῶνος
602 1674 650 1738 ἔτι
673 1674 803 1752 ζῶντος.
840 1715 842 1725 1

184 1778 240 1846 καὶ
267 1790 371 1847 ταῦτα
397 1777 459 1866 μὲν
486 1779 522 1845 ἐκ
548 1788 609 1846 τοῦ
633 1776 771 1866 Ἀδέρου
797 1781 977 1876 συνέβαινε
1000 1781 1172 1866 πάσχεινό

83 1908 98 1957 ‘1
118 1890 196 1964 τοὺς
210 1885 398 1974 Ἑβραίους·
422 1887 532 1972 <205>
551 1884 734 1954 ἐπιτίθεται
748 1879 786 1949 δὲ
804 1888 987 1969 Σολομῶνι
1000 1884 1061 1951 καὶ
1076 1898 1140 1952 τῶν

119 1993 300 2079 ὁμοφύλων
322 2018 373 2071 τις
391 1992 609 2079 Ἱεροβόαμος,
631 1992 705 2068 υίὸς
723 1992 931 2076 Ναβαταίου,
954 1993 1042 2056 κατά
1060 2014 1139 2078 προ-

118 2103 259 2182 φητείαν
285 2099 387 2164 πάλαι
415 2097 599 2183 γενομένην
624 2098 712 2184 αὐτῷ
735 2107 807 2172 τοῖς
828 2096 1022 2181 πράγμασιν
1047 2098 1138 2164 ἐπελ-

118 2205 224 2277 πίσας.
274 2205 377 2266 παῖδα
409 2205 472 2287 γάρ
507 2203 610 2268 αὐτὸν
641 2204 707 2268 ὑπὸ
738 2210 800 2268 τοῦ
831 2203 955 2289 πατρὸς
986 2210 1138 2270 καταλει-

118 2305 249 2391 φθέντα
278 2304 333 2370 καὶ
360 2307 426 2372 ὑπὸ
448 2317 488 2392 τῆ
511 2306 610 2393 μητρὶ
633 2309 878 2394 παιδευόμενον
901 2308 945 2385 ὡς
969 2304 1040 2375 εἶδε
1064 2324 1171 2392 γενεῦ

118 2424 215 2478 ναῖον
241 2410 297 2477 καὶ
324 2415 490 2501 τολμηρὸν
513 2415 678 2498 Σολομὼν
706 2416 788 2480 ὄντα
814 2417 855 2481 τά
878 2417 1051 2500 φρόνημα,
1080 2425 1137 2500 τῆς

117 2530 185 2585 τῶν
203 2530 322 2605 τειχῶν
340 2521 532 2607 οἰκοδομίας
551 2520 748 2607 ἐπιμελητήν
765 2519 974 2606 κατέστησεν,
994 2523 1050 2588 ὅτε
1068 2531 1137 2600 τοῖς

115 2626 355 2715 Ἱεροσολύμοις
377 2631 437 2696 τὸν
459 2631 582 2697 κόκλον
604 2627 809 2716 περιέβαλεν.
853 2629 963 2713 <206>
987 2629 1075 2694 οὕτω
1101 2625 1136 2694 δὲ

118 2748 186 2801 τῶν
218 2739 325 2822 ἔργων
356 2741 565 2823 προυνόησεν
597 2735 681 2802 ὥσθ’
712 2737 729 2802 ὁ
762 2737 918 2820 βασιλεὺς
945 2735 1050 2800 αὐτὸν
1076 2734 1136 2799 άπ-

119 2842 251 2921 εδέξατο
279 2842 335 2908 καὶ
363 2843 462 2929 γέρας
485 2844 573 2932 αὐτῷ
597 2845 798 2928 στρατηγίαν
821 2839 874 2908 έπὶ
897 2850 955 2925 τῆς
976 2838 1136 2924 Ἰωσήπου
1148 2855 1171 2896 25

119 2955 228 3032 φυλῆς
260 2950 391 3012 ἔδωκεν.
445 2945 657 3033 ἀπερχομένῳ
691 2944 728 3011 δὲ
759 2958 804 3038 τχῶ
833 2947 1029 3036 Ἱεροβοάμῳ
1062 2943 1133 3012 κατ’

120 3053 248 3120 ἐκεῖνον
266 3055 326 3118 τὸν
343 3054 462 3137 καιρὸν
478 3052 514 3117 ἐκ
527 3062 595 3117 τῶν
604 3049 843 3138 Ἱεροσολύμων
857 3055 1041 3136 συνήντησε
1056 3074 1136 3137 προ-

120 3160 236 3243 φήτης,
256 3158 291 3223 ἐκ
311 3161 438 3234 πόλεως
456 3152 518 3241 μέν
533 3156 636 3238 Σιλά,
651 3151 760 3239 Ἀχίας
779 3156 809 3222 δ’
827 3161 943 3243 όνομα,
961 3157 1015 3223 καὶ
1034 3175 1135 3243 προσ-

120 3266 303 3349 αγορεύσας
330 3263 433 3330 αὐτὸν
463 3263 631 3346 ἀπήγαγεν
659 3258 694 3325 έκ
721 3271 780 3346 τῆς
807 3264 890 3329 ὁδοῦ
913 3267 1032 3349 μικρὸν
1055 3265 1135 3330 ἀπο-

121 3370 240 3445 νεύσας
263 3377 311 3446 είς
333 3395 365 3436 τι
387 3374 522 3456 χωρίον,
545 3371 593 3445 είς
615 3367 633 3433 ὃ
656 3367 700 3451 μή
723 3377 834 3453 παρῆν
854 3369 937 3454 μηδὲ
957 3362 1004 3448 εἷς
1022 3373 1134 3448 άλλος·
1148 3387 1173 3426 ³⁰

77 3559 81 3563 Ι
192 3491 564 3560 §203=3Reg.X122.
