2400 3840
521 156 644 206 ENATH
1023 153 1087 217 267

68 317 130 397 τὴν
158 312 195 380 δὲ
222 317 334 400 χώραν
363 316 519 400 δῃώσετε,
552 315 658 398 πηγάς
686 311 723 379 δὲ
748 313 804 379 καὶ
836 318 1004 398 ποταμοὺς
1034 315 1088 399 ἐμ-

70 421 229 505 φράξετεῖ

136 529 202 610 <37
208 528 229 611 >
257 526 349 593 ταῦτ’
381 530 532 605 εἰπόντος
563 536 624 593 τοῦ
651 529 840 614 προφήτου,
871 535 911 612 τῇ
940 526 1122 611 ἐπιούσης

67 632 148 716 πρὶν
170 635 267 716 ἥλιον
290 634 458 719 ἀνασχεῖν,
481 634 499 700 ὁ
520 635 719 719 χειμάρρους
741 637 846 710 πολὺς
869 633 969 719 ἐρρύη
989 632 1086 718 (σφο-

37 741 155 823 τδρῶς
178 740 241 824 χάρ
265 738 329 805 άπὸ
353 751 456 824 τριῶν
476 738 609 825 ἡμερῶν
627 739 710 805 ὁδοῦ
728 738 767 804 έν
784 748 823 824 τη
840 737 1008 826 Ἰδουμαίᾳ
1026 743 1086 805 τὸν

64 848 150 911 θεὸν
173 841 251 911 ὑσαι
275 843 486 931 συνέπεσεν),
514 843 599 911 ὥσθ’
626 846 737 931 εὑρεῖν
763 846 825 927 τὴν
850 848 1008 930 στρατιάν
1029 844 1085 911 καὶ

64 954 106 1016 τά
128 954 290 1034 ὑποζύγια
312 953 417 1017 ποτὸν
439 953 606 1035 άφθονον.
647 953 734 1036 <38>
757 952 802 1028 ὡς
825 949 855 1016 δ’
881 952 1029 1034 ἥκουσαν
1052 953 1087 1018 οί

64 1062 245 1141 Μωαβῖται
267 1061 346 1134 τοὺς
372 1069 462 1142 τρεῖς
484 1056 640 1141 βασιλέας
667 1055 718 1122 ἐπ’
745 1058 866 1134 αὐτοὺς
891 1060 1085 1141 βαδίζοντας

64 1161 120 1227 καί
145 1165 200 1228 διά
222 1173 281 1248 τῆς
304 1164 430 1248 ἐρήμου
453 1162 676 1249 ποιουμένους
697 1164 759 1246 τὴν
782 1165 921 1248 ἔφοδον,
949 1165 967 1231 ὁ
991 1169 1084 1249 βασι-

20 1291 50 1330 ιο
64 1274 142 1347 λεὺς
174 1271 285 1336 αὐτῶν
312 1271 417 1348 εὐθὺς
449 1269 607 1356 συλλέξας
639 1272 797 1356 στρατιάν
827 1269 998 1337 ἐκέλευσεν
1030 1270 1084 1337 ἐπὶ

63 1388 132 1442 τῶν
160 1379 249 1463 ὅρων
276 1376 460 1461 βάλλεσθαι
487 1379 525 1443 τὸ
553 1379 791 1462 στρατόπεδον,
819 1375 864 1442 ἵν’
890 1378 1011 1453 αὐτοὺς
1039 1379 1083 1461 μὴ

63 1483 216 1548 λάθωσιν
239 1485 287 1560 είς
309 1484 371 1566 την
393 1485 506 1570 χώραν
529 1482 727 1567 ἐμβαλόντες
745 1484 780 1548 οί
795 1482 957 1566 πολέμιοι.
996 1483 1084 1567 <39>

62 1590 265 1673 θεασάμενοι
289 1587 320 1653 δ’
346 1589 412 1654 ὑπὸ
435 1590 496 1671 την
519 1589 685 1671 ἀνατολὴν
708 1598 768 1653 τοῦ
795 1587 893 1671 ἡλίου
915 1591 953 1653 τὸ
977 1587 1015 1654 ἐν
1036 1599 1082 1677 τῷ
1178 1641 1182 1645 .

62 1695 229 1783 χειμάρρῳ
251 1694 343 1779 ὕδωρ
368 1692 437 1779 (καὶ
459 1695 523 1778 γάρ
547 1690 627 1759 οὐδὲ
649 1695 780 1778 μακράν
801 1688 845 1777 ἧν
864 1703 923 1777 τῆς
941 1698 1082 1779 Μωαβί-

19 1818 48 1860 ισ
62 1799 168 1884 τιδος)
188 1801 301 1884 αἵματι
319 1800 381 1882 τὴν
398 1801 503 1884 χροὰν
521 1800 639 1883 ὅμοιον
658 1798 746 1884 (τότε
763 1801 825 1883 γάρ
845 1799 986 1882 μάλιστα
998 1802 1082 1885 πρὸς

61 1907 124 1988 τὴν
147 1905 255 1989 αὐχὴν
277 1907 314 1970 τὸ
337 1905 429 1990 ὕδωρ
453 1903 718 1990 ἐρυθραίνεται),
745 1905 854 1988 ψευδη
883 1903 984 1982 δόξαν
1006 1903 1083 1990 περὶ

61 2024 130 2077 τῶν
152 2015 320 2097 πολεμίων
343 2010 532 2095 ἐλάμβανον
555 2011 600 2088 ὡς
618 2010 847 2076 ἀπεκτονότων
869 2007 1008 2087 ἑαυτοὺς
1026 2011 1082 2076 διά

62 2121 162 2195 δίψος
175 2116 229 2183 καὶ
243 2125 304 2183 τοῦ
318 2125 468 2200 ποταμοῦ
482 2107 563 2201 αἷμα
577 2116 691 2192 αὑτοῖς
705 2114 848 2202 ῥέοντος.
881 2117 968 2201 <40>
982 2125 1080 2183 τοῦτο

60 2228 180 2289 τοίνυν
206 2223 312 2301 οὑτως
340 2225 428 2307 ἔχειν
454 2223 680 2307 ὑπολαβόντες
705 2222 851 2306 ἠξίωσαν
878 2223 1000 2301 αὐτοὺς
1027 2222 1080 2289 ἐπὶ

17 2351 47 2392 ιο
62 2332 252 2416 διαρπαγὴν
278 2341 346 2395 τῶν
372 2332 540 2413 πολεμίων
568 2327 730 2415 ἐκπέμψαι
757 2332 817 2395 τὸν
844 2329 996 2415 βασιλέα,
1025 2329 1080 2395 καὶ

60 2437 182 2514 πάντες
205 2435 444 2522 ἐξορμήσαντες
470 2437 516 2512 ὡς
539 2434 592 2520 ἐφ’
619 2434 754 2520 ἑτοίμην
781 2435 947 2520 ὠφέλειαν
970 2433 1081 2519 ἦλθον

61 2545 109 2618 είς
132 2544 169 2607 τὸ
192 2552 261 2607 τῶν
283 2540 416 2626 ἐχθρῶν
438 2542 664 2625 στρατόπεδον
687 2541 732 2618 ὡς
750 2541 980 2608 ἀπολωλότων.
1024 2540 1080 2607 καὶ

60 2649 275 2735 διαψεύδεται
298 2644 360 2732 μὲν
383 2647 497 2722 αὐτοῖς
518 2645 540 2728 ἡ
564 2643 657 2722 ἐλπὶς
680 2645 773 2728 αὑτη,
795 2647 1024 2731 περιστάντων
1042 2645 1080 2712 δέ

59 2765 128 2820 τῶν
154 2757 322 2838 πολεμίων
350 2756 387 2818 οἳ
410 2748 472 2836 μέν
499 2750 610 2816 αὐτῶν
635 2752 878 2835 κατεκόπησαν,
905 2754 942 2816 οἳ
966 2749 1004 2817 δὲ
1031 2753 1080 2817 δι-

15 2877 45 2920 25
60 2861 252 2945 εσπάρησαν
274 2862 322 2936 είς
344 2859 405 2941 τὴν
429 2859 520 2923 ίδίαν
543 2857 656 2941 χώραν
678 2857 868 2940 φεύγοντες.
913 2856 1000 2942 <41>
1024 2857 1080 2942 ἐμ-

59 2968 218 3050 βαλόντες
237 2963 267 3029 δ’
289 2967 337 3042 είς
359 2965 422 3047 τὴν
443 2974 512 3029 τῶν
530 2965 724 3046 Μωαβιτῶν
746 2963 782 3026 οί
802 2965 949 3046 βασιλεῖς
969 2963 1027 3040 τάς
1045 2987 1080 3028 τε

58 3075 173 3150 πόλεις
199 3069 462 3156 κατεστρέψαντο
490 3072 549 3146 τὰς
577 3067 615 3134 ἐν
642 3069 739 3154 αὐτῇ,
766 3065 823 3133 καί
850 3072 929 3146 τοὺς
956 3069 1080 3154 ἀγροὺς

58 3178 171 3244 αὐτῶν
186 3179 373 3262 διήρπασαν
390 3174 445 3241 καὶ
463 3175 636 3260 ἠφάνισαν
653 3180 857 3260 πληροῦντες
875 3186 944 3240 τῶν
962 3174 998 3240 ἐκ
1011 3187 1079 3240 τῶν

57 3285 247 3369 χειμάρρων
273 3287 397 3366 λίθων,
423 3280 479 3346 καὶ
506 3284 547 3348 τά
571 3282 730 3347 κάλλιστα
757 3293 825 3346 τῶν
852 3280 1003 3367 δένδρων
1030 3280 1080 3360 ἐξ·

14 3407 44 3448 εο
59 3388 194 3473 ε’κοψαν,
217 3387 272 3453 καὶ
295 3390 353 3466 τὰς
375 3389 482 3471 πηγάς
505 3386 692 3473 ἐνέφραξαν
714 3398 782 3453 τῶν
799 3388 943 3472 ὑδάτων,
966 3387 1080 3454 καὶτὰ

132 3514 196 3575 §37
217 3536 250 3556 =
270 3510 483 3579 4Reg.11120.
