2400 3840
530 108 628 158 Emfl
1065 108 1086 173 3

64 268 131 350 <9>
159 261 245 350 ἦσαν
273 261 303 330 δ’
330 264 365 330 οἰ
390 262 543 347 λέγοντες
569 276 667 332 τοῦτο
695 264 757 352 μὲν
784 269 828 351 μη
856 280 980 352 ποιεῖν,
1007 268 1083 354 μηδ’

65 374 293 453 ἐξαπατᾶσθαι
320 372 381 454 τὴν
408 375 519 437 αἰτίαν
546 384 613 439 τῶν
639 385 750 439 κακῶν
778 375 825 450 εἰς
853 372 983 457 ἐκείνην
1008 376 1086 440 ἀνα-

63 478 244 565 φέροντας·
268 478 309 544 ού
328 480 390 562 γάρ
414 479 538 560 ταύτην
566 474 735 562 εἶναιτὴν
759 480 904 564 δύναμιν
926 479 1008 565 αὐτῇ
1031 481 1087 547 καὶ

60 588 126 670 τὴν
151 587 259 670 ἰσχύν·
283 584 325 650 οῦ
347 585 410 669 γάρ
429 585 471 649 ἀν
493 583 566 650 ποτ’
587 586 690 669 αὐτῆς
711 583 900 669 κηδομένου
922 595 982 650 τοῦ
1001 594 1086 653 θεοῦ

28 693 258 777 ὄύποχείριον
295 691 489 777 ἀνθρώποις
525 689 694 773 γενέσθαι.
748 691 924 776 ἡσυχάζειν
961 689 998 757 δὲ
1030 692 1086 758 καὶ

59 798 179 885 πρᾴως
206 800 294 883 ἐχειν
322 795 375 863 ἐπὶ
402 804 472 874 τοῖς
503 801 726 882 συμβεβηκόσι
753 796 942 883 παρῄνουν,
975 801 1085 865 αἰτίαν

59 907 193 971 τούτων
220 904 281 970 οὐκ
308 905 412 987 ἀλλην
440 903 460 986 ἣ
488 906 595 989 μόνην
622 902 855 989 λογιζομένους
882 906 943 988 τὴν
970 907 1084 990 φύσιν,

59 1011 81 1094 ἢ
100 1009 158 1076 καὶ
178 1011 305 1094 σώμασι
323 1008 379 1075 καί
397 1019 439 1095 γῇ
457 1008 513 1075 καί
528 1022 648 1095 φυτοῖς
665 1009 721 1075 καὶ
739 1020 819 1076 πᾶσι
838 1022 908 1088 τοῖς
929 1011 962 1090 ἐξ
981 1013 1084 1097 αὐτῆς

59 1128 247 1183 συνεστῶσι
263 1117 347 1181 κατά
360 1119 492 1201 χρόνων
505 1118 683 1201 περιόδους
700 1121 801 1182 τίκτει
815 1118 970 1195 τοιαύτας
988 1143 1084 1204 μετα-

15 1242 43 1282 10
59 1224 172 1307 βολάς.
210 1224 296 1307 <10>
313 1231 392 1309 νικᾷ
412 1219 521 1300 δὲτὰς
538 1222 779 1309 προειρημένας
797 1225 930 1308 γνώμας
948 1224 1083 1310 ἀνδρῶν

61 1332 100 1394 ἐν
127 1353 161 1394 τε
183 1341 253 1407 τοῖς
281 1328 392 1395 ἐπάνω
418 1332 552 1416 χρόνοις
581 1327 712 1395 συνέσει
739 1328 795 1395 καὶ
824 1331 984 1416 φρονήσει
1011 1332 1083 1395 δια-

61 1434 179 1521 φέρειν
210 1433 479 1520 πεπιστευμένων
511 1438 716 1519 συμβουλία,
747 1433 803 1500 καί
836 1438 909 1500 τότε
942 1435 1082 1520 μάλιστα

59 1541 232 1620 δοξάντων
259 1541 466 1628 ἁρμοζόντως
493 1539 603 1623 λέγειν
631 1554 700 1619 τοῖς
727 1550 907 1628 παροῦσιν,
940 1545 976 1606 οδ
1005 1540 1079 1627 μήτ’

57 1646 268 1732 ἀποπέμπειν
295 1650 425 1731 ἔφασαν
452 1648 525 1712 δεῖν
551 1647 613 1730 τὴν
642 1649 787 1731 κιβωτὸν
814 1649 894 1732 μήτε
921 1646 1081 1732 κατέχειν,

18 1772 43 1812 1⁵
57 1753 144 1819 ἀλλά
168 1751 265 1818 πέντε
289 1750 350 1838 μὲν
373 1753 574 1840 ἀνδριάντας
597 1750 681 1840 ὑπὲρ
703 1752 840 1836 ἑκάστης
858 1756 985 1831 πόλεως
1003 1778 1081 1840 χρυ-

56 1869 141 1938 σοῦς
164 1859 342 1926 ἀναθεῖναι
369 1869 415 1948 τῶ
442 1866 512 1948 θεῷ
535 1860 765 1945 χαριστήριον,
794 1859 844 1924 ότι
872 1863 1081 1944 προυνόησεν

56 1968 171 2032 αὐτῶν
198 1976 257 2050 τῆς
283 1969 446 2052 σωτηρίας
472 1964 528 2031 καὶ
554 1962 712 2049 κατέσχεν
740 1963 845 2053 ἐντῶ
873 1968 935 2053 βίῳ
964 1967 1081 2031 διωκο-

56 2072 183 2158 μένους
206 2071 238 2150 ἐξ
262 2072 366 2138 αὐτοῦ
388 2074 586 2158 παθημασιν
610 2061 661 2148 οἷς
681 2068 788 2135 οὐκέτ’
809 2065 852 2154 ἦν
875 2069 1080 2156 ἀντιβλέψαι,

55 2180 240 2256 τοσούτους
265 2176 302 2244 δὲ
324 2181 384 2244 τὸν
402 2178 550 2264 ἀριθμὸν
567 2186 631 2262 μῦς
649 2186 794 2263 χρυσοῦς
812 2186 882 2256 τοῖς
899 2202 1081 2265 κατανεμη-

21 2301 43 2342 ῦ
56 2292 173 2351 θεῖσιν
205 2284 317 2350 αὐτῶν
342 2284 399 2351 καὶ
426 2287 645 2370 διαφθείρασι
677 2284 739 2367 τὴν
771 2287 884 2370 χώραν
914 2285 1079 2372 ἐμφερεῖς·

57 2392 147 2476 <11>
163 2394 274 2457 ἔπειτα
288 2394 452 2476 βαλόντας
471 2393 518 2467 εἰς
535 2392 771 2476 γλωσσόκομον
789 2391 911 2469 αὐτοὺς
927 2390 983 2456 καί
1000 2391 1080 2457 θέν-

55 2522 116 2575 τας
130 2495 184 2563 ἐπί
198 2498 261 2581 τὴν
274 2500 427 2582 κιβωτόν,
446 2495 574 2582 ἅμαξαν
588 2497 670 2582 αὐτῇ
689 2497 810 2579 καινὴν
827 2497 1080 2580 κατασκευάσαι,

54 2601 112 2669 καὶ
141 2607 223 2688 βοῦς
252 2603 493 2683 ὑποζεύξαντας
524 2603 744 2690 ἀρτιτόκους,’>
764 2599 916 2685 τάςζδμέν
947 2605 1079 2686 πόρτεις

56 2709 223 2793 ἐγκλεῖσαι
250 2709 306 2776 καὶ
332 2721 521 2795 κατασχεῖν,
554 2709 598 2793 μὴ
631 2719 703 2784 ταῖς
734 2707 897 2791 μητράσιν
925 2705 1079 2791 ἐμποδὼν

16 2834 42 2873 2⁶
56 2815 215 2902 ἑπόμεναι
238 2816 412 2900 γένωνται,
434 2819 532 2905 πόθφ
552 2812 583 2879 δ’
605 2813 715 2880 αὐτῶν
739 2811 898 2899 ὀξυτέραν
918 2825 1078 2880 ποιῶνται

56 2924 118 3006 τὴν
140 2926 296 3008 πορείαν,
324 2922 451 3000 ἐκείνας
475 2919 506 2986 δ’
533 2921 748 3000 ἐξελάσαντας
770 2921 831 3003 τὴν
852 2922 996 3007 κιβωτὸν
1019 2945 1077 3005 φε-

57 3030 181 3113 ρούσας
209 3027 263 3095 ἐπὶ
290 3031 428 3115 τριόδου
455 3035 663 3110 καταλιπεῖν,
696 3028 812 3104 αὐταῖς
839 3026 1078 3113 ἐπιτρέψαντας

57 3134 99 3217 ἣν
122 3136 304 3220 βούλονται
326 3147 395 3201 τῶν
417 3136 508 3202 δδῶν
531 3134 704 3200 ἀπελθεῖν·
734 3134 820 3216 <12>
843 3133 906 3198 κάν
932 3129 994 3217 μέυ
1016 3133 1078 3215 τὴν

53 3238 218 3328 Ἑβραίων
241 3242 385 3308 ἀπίωσιν
407 3239 463 3307 καὶ
482 3241 544 3324 τὴν
562 3241 690 3305 τούτων
708 3240 820 3324 χώραν
841 3236 1077 3323 ἀναβαίνωσιν,

19 3347 307 3434 ῦὺπολαμβάνειν
329 3349 391 3432 τὴν
412 3349 557 3432 κιβωτὸν
580 3348 690 3411 αἰτίαν
712 3345 841 3409 τούτων
863 3354 931 3408 τῶν
952 3356 1076 3410 κακῶν·

126 3469 471 3540 εωεηωἮε

896 3555 933 3611 ᾗ
