2400 3840
92 147 136 212 84
462 148 735 201 ΑΡΧΔΙΟΑΟΓΙΑΣ

91 311 171 394 μετά
193 320 261 374 τῶν
285 306 425 394 ἑταίρων
444 310 525 392 όλην
545 306 775 395 διεκαρτέρησε
792 307 854 389 τῆν
871 304 1006 390 ῆμέραν.
1043 305 1110 388 <5>

91 414 194 481 ἐποίει
219 412 250 479 δ’
272 414 360 502 αύτῷ
384 415 445 498 τῆν
463 417 572 498 λύπην
590 413 821 500 χαλεπωτέραν
838 411 931 477 καλό
951 412 1109 476 Σαούλου

89 533 168 598 παίς
188 519 362 605 Ἰωνάθης,
390 524 584 597 πιστότατός
606 519 635 586 τ’
662 521 710 586 όν
732 524 831 605 φίλος
853 517 943 606 αὐτῷ
965 514 1020 581 καὶ
1044 532 1109 580 σω-

88 631 205 714 τηρίας
223 633 328 704 αίτιος
345 625 572 711 γεγενημένος.
608 628 774 710 τοσαύτην
793 624 824 691 δ’
842 622 1028 701 ἐπεδείξατο
1046 623 1109 706 τῆν

89 731 210 818 άρετῆν
223 730 279 797 καὶ
296 732 358 816 τῆν
375 734 458 818 πρὸς
476 734 536 797 τὸν
550 732 707 798 Σάουλον
726 733 862 798 εύνοιαν
876 731 921 807 ὡς
938 730 982 815 μὴ
1001 731 1108 813 μόνον
1122 750 1134 789 5

91 835 144 902 ἐπὶ
172 840 349 921 τεθνηκότι
376 844 526 924 χαλεπῶς
554 837 715 922 ἐνεγκεῖν,
742 837 900 914 πολλάκις
921 833 978 902 ὑπ’
1004 834 1108 900 αὐτοῦ

89 945 310 1021 κινδυνεύσας
332 943 559 1030 ἀφαιρεθῆναι
581 946 641 1009 τὸν
660 947 747 1028 βίον,
770 944 853 1009 άλλά
875 941 931 1008 καὶ
949 944 1009 1007 τὸν
1027 941 1109 1006 ἀπο-

89 1052 264 1114 κτείναντα
285 1050 437 1116 κολάσαι*
461 1050 527 1135 <6>
551 1052 660 1134 φῆσας
677 1051 740 1135 γὰρ
759 1052 843 1136 πρὸς
860 1047 964 1114 αὐτὸν
987 1049 1032 1125 ὡς
1050 1047 1109 1112 αύ-

88 1156 146 1231 τὸς
169 1154 272 1220 αὑτοῦ
295 1154 426 1239 γένοιτο
448 1159 632 1242 κατῆγορος
655 1155 784 1221 ἀνελὼν
801 1158 861 1222 τὸν
882 1153 1030 1241 βασιλέα,
1053 1152 1108 1218 καὶ

90 1261 210 1344 μαθὼν
242 1261 287 1339 ὡς
317 1268 367 1345 είη
396 1264 520 1348 πατρὸς
544 1260 761 1346 Ἀμαληκίτου
792 1249 903 1345 γένος,
936 1259 1108 1326 ἐκέλευσεν
1124 1282 1148 1320 ιο

89 1365 193 1433 αὐτὸν
215 1365 410 1434 ἀπολέσθαι.
456 1371 577 1455 ἔγραφε
605 1364 643 1434 δὲ
669 1365 724 1433 καὶ
747 1370 898 1455 θρήνους
919 1365 974 1432 καὶ
999 1365 1108 1431 ἐπιτα-

89 1474 192 1556 φίους
215 1470 552 1550 έπαίνουςΣαούλου
574 1471 629 1539 καὶ
650 1472 828 1558 Ἰωνάθου,
857 1477 892 1539 οἳ
915 1471 971 1539 καὶ
995 1471 1109 1558 μέχρις
1165 1554 1168 1558 ⁴

90 1575 172 1661 ἐμοῦ
196 1575 422 1662 διαμένουσιν.
787 1635 789 1639 .

55 1703 71 1751 2
156 1682 222 1767 <7>
250 1681 319 1748 ἐπεὶ
345 1681 382 1749 δέ
404 1685 536 1762 τούτοις
563 1683 730 1770 ἐξετίμησε
757 1687 816 1750 τὸν
843 1683 997 1768 βασιλέα,
1023 1706 1109 1749 παυ-

90 1789 232 1875 σάμενος
244 1799 305 1855 τοῦ
318 1788 468 1868 πένθους
484 1791 582 1878 ῆρετο
600 1793 661 1856 τὸν
677 1792 762 1857 θεὸν
781 1792 837 1856 διδ
854 1800 915 1855 τοῦ
933 1791 1109 1875 προφήτου
1124 1811 1149 1852 15

88 1900 165 1962 τίνα
188 1897 329 1962 δίδωσιν
351 1897 439 1986 αύτῷ
457 1906 651 1982 κατοικῆσαι
668 1900 768 1963 πόλιν
786 1906 844 1981 τῆς
860 1895 969 1961 Ἰούδα
989 1901 1109 1962 καλου-

89 2000 191 2087 μένης
219 2009 336 2088 φυλῆς.
382 2004 551 2088 φήσαντος
578 2001 610 2069 δ’
640 2003 744 2069 αὐτοῦ
777 2005 909 2069 διδόναι
937 2006 1109 2089 Χεβρῶνα,

88 2110 280 2174 καταλιπὼν
301 2108 363 2191 τῆν
385 2112 535 2175 Σεκελάν
563 2112 610 2186 είς
634 2109 764 2194 ἐκείνην
791 2113 1023 2196 παραγίνεται,
1050 2109 1109 2186 τάς

88 2234 125 2276 τε
147 2225 308 2294 γυναῖκας
325 2211 535 2297 «ἐπαγόμενος
560 2216 620 2292 τὰς
642 2216 746 2281 αὑτοῦ
769 2214 847 2302 (δύο
872 2213 903 2280 δ’
929 2210 1029 2301 ἦσαν)
1052 2212 1108 2278 καὶ

88 2319 168 2394 τοὺς
191 2317 328 2394 ὁπλίτας
349 2320 428 2394 τοὺς
451 2321 515 2383 σὺν
538 2319 637 2407 αὐτῷ.
682 2322 748 2404 <8>
772 2321 948 2386 συνελθὼν
970 2317 1007 2386 δὲ
1025 2323 1108 2405 πρὸς
1123 2342 1148 2381 20

89 2423 192 2487 αὐτὸν
216 2423 301 2500 άπας
324 2422 342 2488 ὁ
365 2431 424 2507 τῆς
447 2430 557 2509 φυλῆς
578 2434 637 2510 τῆς
659 2425 901 2513 προειρημένης
925 2429 1005 2504 λαὸς
1028 2427 1108 2492 ἀπο-

91 2528 262 2595 δείκνυσιν
280 2527 384 2595 αύτὸν
401 2529 547 2614 βασιλέα.
585 2531 730 2623 ἀκούσας
747 2529 779 2598 δ’
802 2533 852 2598 ότι
870 2535 930 2598 τὸν
949 2533 1108 2598 Σάουλον

89 2632 144 2700 καὶ
162 2637 242 2713 τοὺς
254 2637 351 2714 υἱοὺς
369 2636 474 2703 αὐτοῦ
487 2638 636 2718 θάψειαν
654 2640 689 2704 οί
705 2638 742 2704 έν
757 2635 908 2727 Ἰαβισσῷ
927 2648 985 2723 τῆς
1000 2642 1107 2704 Γαλα-

91 2742 217 2819 δίτιδος
234 2753 475 2827 κατοικοῦντες,
499 2747 623 2830 έπεμψε
641 2746 725 2832 πρὸς
742 2744 864 2821 αὐτοὺς
887 2743 1034 2810 ἐπαινῶν
1051 2743 1108 2810 καὶ

90 2845 334 2932 ἀποδεχόμενος
356 2848 469 2928 αὐτῶν
491 2846 650 2935 τοῦργον,
676 2848 731 2916 καὶ
758 2851 894 2936 χάριτας
920 2848 1108 2916 ἀποδώσειν
1122 2871 1148 2912 2⁵

90 2951 165 3017 ἀντὶ
183 2961 242 3037 τῆς
259 2955 342 3038 πρὸς
359 2958 438 3033 τοὺς
451 2959 654 3039 τεθνηκότας
668 2958 816 3041 σπουδῆς
833 2957 1108 3043 ὑπισχνούμενος,

91 3058 158 3142 άμα
185 3056 223 3124 δέ
248 3057 303 3124 καὶ
332 3061 444 3142 δηλῶν
471 3061 516 3138 ίος
542 3061 563 3145 ἡ
585 3059 694 3128 Ἰούδα
721 3064 812 3147 φυλὴ
839 3065 1108 3149 κεχειροτόνηκεν

91 3162 195 3228 αὐτὸν
217 3161 362 3249 βασιλέα.

55 3285 72 3334 3
159 3271 223 3354 <9>
251 3270 269 3336 ὁ
297 3266 335 3336 δὲ
360 3279 421 3336 τοῦ
444 3272 602 3337 Σαούλου
629 3268 691 3357 μὶν
716 3272 976 3360 ἀρχιστράτηγος
996 3273 1106 3360 Ἀβέν-

91 3397 206 3460 νηρος,
235 3378 354 3462 Νῆρου
381 3374 418 3443 δὲ
443 3389 535 3461 παῖς,
563 3378 647 3464 ἀνὴρ
675 3379 874 3466 δραστήριος
901 3379 955 3446 καὶ
979 3381 1108 3465 ἀγαθὸς
1121 3403 1149 3442 so

162 3498 478 3568 55=2Reg.112.
