2400 3840
83 148 149 214 374
372 148 647 201 APxAonrm
667 149 813 199 AEKATH

84 319 142 395 τής
165 312 328 395 μακαρίας
351 307 406 375 καὶ
429 308 608 395 ἀφθάρτου
630 309 714 395 πρὸς
738 307 902 391 διαμονήν
929 317 997 372 τῶν
1019 307 1092 371 ὅλων

86 416 203 494 οὐσίας
225 419 453 501 κυβερνᾶσθαι
476 417 516 480 τά
539 416 724 498 σύμπαντα,
747 414 889 499 άμοιρον
912 411 944 476 δ’
969 413 1092 495 ἡνιόχου

84 518 139 588 καὶ
159 529 362 607 φροντιστοῦ
379 521 439 587 τόν
457 522 583 606 κόσμον
601 519 793 603 αὐτομάτως
807 517 975 604 φέρεσθαι
993 518 1093 601 λένου-
1134 529 1136 599 λ

84 644 151 711 σιν,
175 627 283 712 <279>
308 626 345 704 ὃς
368 629 399 693 εί
420 635 541 693 τοῦτον
563 625 809 712 ἀπροστάτητος
831 620 875 708 ήν
893 628 954 691 τὸν
973 628 1093 711 τρόπον,
1134 617 1136 717 j

84 733 236 818 καθάπερ
264 731 320 799 καὶ
346 735 405 811 τὰς
427 742 510 811 ναῦς
538 730 681 818 ἐρήμους
708 735 923 818 κυβερνητῶν
946 724 1136 797 καταδυοᾶἶ

85 836 187 924 μένας
208 838 339 925 δρῶμεν
360 841 426 906 ὑπὸ
449 838 658 924 πνευμάτων,
681 836 702 921 ή
724 835 780 902 καὶ
803 837 843 901 τά
868 839 999 924 άρματα
1016 860 1094 923 περι·

85 947 270 1030 τρεπόμενα
292 945 336 1030 μή
360 947 478 1029 ἔχοντα
500 947 579 1023 τοὺς
601 944 831 1028 ἡνιοχοῦντας,
854 942 1045 1030 συντριβεὶς
1061 941 1095 1006 ἀν

85 1051 150 1118 ὑπὸ
173 1059 232 1135 τής
254 1048 465 1135 ἀπρονοήτου
488 1059 596 1136 φορᾶς
619 1048 791 1115 άπωλάλει
809 1046 865 1114 καὶ
884 1050 1094 1135 διεφθείρετο.

87 1155 195 1239 (280)
219 1165 290 1233 τοῦς
312 1150 375 1221 οὖν
397 1153 651 1242 προειρημένοις
678 1156 743 1221 ὑπὸ
766 1156 941 1237 Δανιήλου
971 1154 1097 1221 δοκοῦσί

85 1283 142 1347 μοι
169 1261 302 1348 σφόδρα
334 1270 392 1346 τής
424 1260 575 1346 ἀληθοῦς
606 1261 705 1345 δόξης
733 1261 972 1346 διαμαρτάνειν
1003 1262 1037 1326 οί
1058 1266 1095 1347 τῷ
1107 1272 1123 1313 1⁰

86 1372 156 1455 θεῷ
179 1367 344 1453 μηδεμίαν
367 1362 452 1434 είναι
475 1365 551 1454 περὶ
579 1377 647 1433 τῶν
675 1367 900 1454 ἀνθρωπίνου
924 1366 1096 1451 ἀποφαινό-

87 1496 181 1559 μενοι
204 1475 381 1559 πρόνοιαν·
408 1474 450 1540 οῦ
477 1475 540 1559 γάρ
567 1472 611 1539 ἀν
632 1474 715 1539 κατὰ
740 1474 802 1555 τήν
825 1471 956 1538 ἐκείνου
980 1493 1097 1559 προφη-

87 1579 190 1661 τείαν,
213 1581 244 1644 εί
265 1577 465 1665 συνέβαινεν
482 1580 714 1667 αὐτοματισμῷ
737 1577 805 1644 τινὶ
828 1581 887 1644 τὸν
910 1580 1037 1662 κόσμον
1056 1578 1097 1641 δι-

88 1683 193 1768 άγειν,
215 1681 320 1749 πάνθ’
346 1681 501 1771 ἑωρῶμεν
524 1684 758 1770 ἀποβαίνοντα.

154 1789 272 1874 (281)
305 1787 369 1874 ένδ)
401 1786 462 1875 μέν
496 1785 558 1857 οὖν
585 1788 661 1876 περὶ
688 1791 816 1855 τούτων
848 1789 894 1867 ὡς
919 1785 1027 1876 ηὗρον
1052 1783 1098 1854 καὶ
1110 1799 1127 1840 1⁵

88 1893 249 1981 ἀνέγνων,
271 1894 378 1975 οὕτως
395 1898 537 1983 ἔγραψα·
561 1899 592 1962 εί
610 1893 649 1961 δέ
664 1918 717 1973 τις
734 1897 843 1973 άλλως
861 1894 1012 1975 δοξάζειν
1031 1899 1100 1980 βου-

89 2002 222 2085 λήσεται
244 2000 319 2088 περὶ
343 2002 464 2086 αὐτῶν,
486 2001 690 2086 ἀνέγκλητον
718 2000 815 2086 ἐχέτω
844 2002 905 2085 τήν
930 1999 1100 2088 ἑτερογνω-

88 2108 247 2191 μοσόνην.
