2400 3840
132 123 176 186 42
497 128 773 180 ΑΡΧΑΙοΛοοιεε

133 287 240 370 μάχου
264 287 307 370 μη
331 285 538 371 βλεπομένου
562 297 606 376 τῳ
629 292 788 377 πολεμίῳ·
816 291 898 365 θεὸς
921 286 951 352 δ’
977 283 1020 371 ἦν
1043 282 1150 364 οὗτος.

132 389 188 456 καὶ
211 390 410 476 ἀνελόμενος
433 392 469 458 ἐκ
491 402 550 477 τῆς
571 395 678 479 πήρας
702 389 749 459 ών
773 396 820 470 είς
843 392 948 477 αὐτην
965 393 1151 476 κατέθηκεν

134 496 175 562 ἐκ
187 506 247 562 τοῦ
266 499 446 583 χειμάρρου
466 502 567 564 λίθον
585 499 654 583 ἕνα,
673 498 728 564 καὶ
747 499 893 584 ἁρμόσας
911 510 950 585 τῇ
970 501 1151 584 σφενδόνῃ,

133 605 247 689 βάλλει
270 608 330 671 τὸν
354 605 526 687 Γολιάθην
550 607 598 682 είς
614 608 652 671 τὸ
672 604 832 689 μέτωπον.
854 604 910 670 καὶ
929 607 1071 689 διῆλθεν
1089 605 1152 682 ἕως

133 720 194 776 τοῦ
217 710 403 795 ἐγκεφάλου
419 713 458 776 τὸ
477 709 615 795 βληθέν,
639 712 684 788 ώς
701 711 806 788 εὐθὺς
823 710 1019 797 καρωθέντα
1036 724 1152 776 πεσεῖν
1167 737 1180 774 5

133 820 194 883 τὸν
209 817 380 899 Γολιάθην
395 815 448 882 ἐπὶ
462 817 524 900 τὴν
538 819 626 895 όῶιν.
656 818 764 900 (190)
779 818 915 902 δραμών
929 814 960 880 δ’
978 816 1151 900 ἐφίσταται

134 933 180 1011 τῷ
202 926 348 1011 πολεμίῳ
371 922 523 1012 κειμένῳ,
552 922 607 988 καὶ
629 933 669 1008 τῇ
693 924 842 1010 ῥομφαίᾳ
864 933 903 1010 τῇ
927 922 1068 1007 ἐκείνου,
1091 925 1152 1008 μά

133 1053 254 1114 χαιραν
276 1028 338 1094 οὐκ
357 1032 441 1113 ἔχων
460 1030 570 1113 αὐτός,
593 1028 770 1114 ἀποτέμνει
788 1031 849 1113 την
866 1031 1015 1113 κεφαλην
1037 1030 1151 1096 αὐτοῦ.

135 1137 245 1218 <191>
272 1137 384 1201 πεσὼν
411 1135 442 1201 δ’
472 1137 490 1202 6
520 1136 688 1219 Γολιάθης
714 1131 795 1219 ἧττα
821 1133 876 1201 καὶ
904 1137 995 1220 φυχη
1023 1141 1152 1219 γίνεται

134 1247 386 1320 Παλαιστιυοῑς·
405 1246 465 1308 τὸν
483 1244 546 1328 χάρ
564 1244 792 1326 δοκιμώτατον
809 1245 937 1320 ἰδόντες
951 1241 1152 1326 ἐρριμμένου
1168 1265 1194 1305 10

133 1347 189 1415 καὶ
212 1347 287 1436 περὶ
306 1360 373 1414 τῶν
392 1349 480 1414 ὅλων
503 1351 671 1427 δείσαντες
689 1348 800 1415 οάκέτι
823 1347 936 1434 μένειν
955 1347 1152 1433 διέγνωσαν,

135 1453 207 1521 ἀλλ’
246 1457 366 1542 αἰσχρᾷ
400 1454 456 1520 καὶ
492 1456 625 1545 ἀκόσμῳ
662 1466 753 1542 φυγῇ
789 1457 994 1542 παραδόντες
1030 1456 1153 1532 αὑτοὺς

135 1560 327 1647 ἐξαρπάζειν
347 1573 417 1627 τῶν
434 1552 603 1628 κινδύνων
624 1561 813 1648 ἐπειρῶντο.
859 1563 1013 1639 Σάουλος
1036 1559 1073 1626 δὲ
1096 1560 1152 1626 καὶ

134 1677 199 1746 πῶς
225 1668 243 1733 6
270 1679 339 1734 τῶν
362 1666 525 1754 Ἑβραίων
552 1671 691 1755 στρατὸς
716 1668 937 1747 ἀλαλάξαντες
964 1668 1152 1750 ἐκπηδῶσιν

135 1777 184 1853 είς
201 1774 332 1859 αὐτούς,
354 1773 411 1840 καὶ
422 1777 573 1852 πολλοὺς
590 1775 857 1859 ἀποσφάττοντες
875 1776 1056 1840 διώκουσιν
1074 1777 1151 1858 ἀχρι
1168 1794 1193 1834 ιε

134 1893 203 1948 τῶν
231 1886 349 1966 Γίττης
380 1881 483 1966 ὁρῶιν
513 1879 569 1947 καὶ
595 1892 663 1947 τῶν
693 1887 810 1947 πυλῶν
840 1892 908 1946 τῶν
937 1879 1151 1958 Ἀσκάλωνος.

136 1990 243 2070 <192>
264 1986 320 2054 καὶ
343 1989 530 2071 θνήσκουσι
554 1983 619 2072 ’μὲν
640 1999 708 2053 τῶν
731 1992 968 2052 Παλαιστινῶν
990 1989 1038 2063 είς
1061 2004 1151 2073 τρισ-

136 2098 287 2178 μυρίους,
302 2091 354 2170 δὶς
368 2090 406 2158 δέ
423 2102 577 2158 τοσοῦτοι
591 2095 788 2176 τραυματίαι
801 2095 962 2174 γίνονται.
996 2093 1152 2170 Σάουλος

136 2195 166 2261 δ’
183 2196 392 2280 ὑποστρέψας
411 2200 458 2274 είς
477 2197 700 2280 στρατόπεδον
718 2195 829 2261 αὐτῶν
848 2198 1017 2282 διαρπάζει
1035 2201 1073 2263 τὸ
1094 2224 1151 2283 χα-

130 2303 270 2386 ράκωμα
292 2299 347 2366 καὶ
371 2299 561 2387 ἐνέπρησεν,
584 2303 645 2385 τὴν
668 2298 705 2366 δὲ
727 2302 877 2385 κεφαλὴν
897 2313 958 2368 τοῦ
979 2306 1151 2371 Γολιάθου
1166 2324 1192 2363 2⁰

134 2409 287 2490 Δαυίδης
310 2409 357 2484 είς
379 2407 441 2489 την
465 2408 555 2472 ίδίαν
577 2407 704 2490 σκηνὴν
724 2405 872 2491 ἐκόμισε,
899 2406 955 2473 καὶ
982 2411 1044 2493 την
1072 2412 1151 2496 ῥομ-

135 2517 241 2598 φαίαν
264 2511 407 2596 ἀνέθηκε
428 2521 474 2601 τῳ
496 2519 575 2601 θεῷ.

83 2628 126 2693 10
203 2622 311 2706 <193>
338 2621 473 2705 φθόνον
505 2616 543 2685 δὲ
573 2617 629 2686 καὶ
660 2632 756 2705 μίσος
784 2629 846 2688 τοῦ
878 2623 1036 2687 Σαούλου
1067 2625 1151 2707 πρὸς

135 2729 238 2796 αὐτὸν
270 2730 307 2794 αλ
335 2739 491 2811 γυναῖκες
525 2726 746 2812 ἐρεθίζουσιν·
791 2729 983 2794 ὑπαντῶσαι
1014 2729 1078 2812 γὰρ
1110 2737 1149 2813 τῇ

135 2844 272 2920 στρατιᾷ
293 2836 465 2920 νικηφόρῳ
493 2835 574 2916 μετὰ
600 2833 780 2917 κυμβάλων
805 2831 861 2897 καὶ
888 2834 1069 2918 τυμπάνων
1095 2832 1151 2899 καὶ
1166 2853 1192 2894 εε

134 2943 293 3015 παντοίας
306 2948 409 3023 χαρᾶς
423 2934 507 3024 ᾖδον
516 2939 554 3002 αί
565 2935 626 3022 μὲν
636 2949 791 3021 γυναῖκες
804 2939 849 3015 ώς
862 2941 987 3017 πολλὰς
996 2941 1151 3018 Σάουλος

135 3048 283 3113 ἀπώλεσε
314 3049 550 3110 Παλαιστινῶν
581 3044 746 3128 χιλιάδας,
778 3047 815 3110 αλ
843 3044 1008 3132 παρθένοι
1040 3045 1071 3111 δ’
1106 3048 1152 3124 ώς

135 3153 299 3241 μυριάδας
312 3151 464 3232 Δαυίδης
477 3148 660 3234 ἀφανίσειε.
706 3151 814 3233 <194>
828 3153 956 3218 τούτων
970 3150 1001 3216 δ’
1018 3152 1151 3219 ἀκούων

136 3261 153 3326 6
177 3258 346 3344 βασιλεύς,
374 3257 419 3334 ώς
444 3258 482 3322 τὸ
511 3253 572 3340 μὲν
599 3259 735 3322 ἐλαττον
761 3266 820 3340 τῆς
846 3261 1028 3343 μαρτυρίας
1051 3258 1151 3336 αὐτὸς

136 3366 246 3451 λάβοι,
282 3366 319 3430 τὸ
357 3360 394 3428 δὲ
429 3374 497 3428 τῶν
529 3362 702 3447 μυριάδων
732 3369 864 3446 πλῆθος
895 3363 1072 3447 ἀνατεθείη
1104 3375 1150 3453 τῳ
1164 3383 1191 3423 ιο

206 3491 288 3554 §189
308 3512 341 3530 =
363 3484 461 3554 lReg.
480 3483 558 3538 XVII
572 3489 615 3540 49.

363 3778 412 3785 ..—
