2400 3840
115 106 181 170 230
484 108 757 158 APXA10A0r1A2

116 269 223 350 δίκην,
243 267 293 332 ὅτι
312 278 379 332 τῶν
397 264 458 351 μὲν
478 268 575 332 ίδίων
589 266 740 348 πατέρων
758 268 899 352 μιμητὴς
918 269 982 334 οὐκ
998 269 1136 353 ε’γένετο,

116 385 186 450 τοῖς
205 370 242 438 δὲ
261 384 329 438 τῶν
344 371 554 459 Ἰσραηλιτῶν
573 373 737 458 βασιλέων
755 376 1051 458 κατηκολούθησεν
1067 376 1137 441 ἀσε-

116 482 254 565 βήμασι,
284 477 339 544 καὶ
367 479 596 562 συνηνάγκασε
625 480 687 562 τήν
715 489 776 545 τοῦ
800 476 909 544 Ἰούδα
939 483 1058 565 φυλήν
1087 481 1137 546 καὶ

117 590 195 664 τοὺς
217 589 354 663 πολίτας
368 583 605 672 Ἱεροσολύμων
628 584 773 670 ἀφέντας
791 587 851 669 τήν
871 586 970 651 ὁσίαν
989 598 1052 654 τοῦ
1074 588 1138 653 ε’πι-

116 697 241 776 χωρίου
264 699 348 759 θεοῦ
371 695 554 779 θρησκείαν
577 690 688 776 σέβειν
714 694 754 757 τά
778 695 914 776 εἴδωλα,
941 696 1063 772 καθὼς
1086 694 1160 759 καὶὸ

109 797 252 883 ’Ἀχαβος
274 803 352 876 τοὺς
372 798 574 885 Ἰσραηλίτας
597 797 766 882 ἐβιάσατο,
794 800 903 881 <100>
926 799 979 864 ὅτι
1004 825 1040 865 τε
1063 804 1139 878 τοὺς

117 904 284 989 ἀδελφοὺς
318 906 513 988 διεχρήσατο
544 902 599 968 καὶ
631 906 709 980 τοὺς
741 903 891 986 ἀγαθοὺς
923 906 1053 991 ἀνδρας
1086 906 1138 972 καί

118 1013 267 1088 δικαίους
290 1009 471 1076 ἀπέκτεινε·
500 1013 561 1093 τήν
582 1034 617 1076 τε
642 1014 817 1095 τιμωρίαν,
844 1010 887 1093 ἣν
910 1009 988 1076 ἀντὶ
1012 1014 1139 1078 τούτων

116 1116 253 1201 ὑφέξειν
276 1120 426 1202 ἔμελλεν,
450 1116 626 1202 ἐσήμαινεν
650 1116 686 1181 έν
709 1128 779 1194 τοῖς
801 1115 993 1202 γράμμασιν
1018 1119 1037 1185 ὁ
1060 1143 1137 1204 προ-

117 1225 232 1307 φήτης,
256 1226 401 1310 ὄλεθρον
423 1233 484 1289 τοῦ
507 1229 590 1288 λαοῦ
613 1220 668 1288 καί
687 1223 825 1308 φθοράν
843 1235 1018 1304 γυναικῶν
1037 1225 1136 1290 αὐτοῦ
1150 1241 1169 1279 1⁰

116 1327 171 1394 καὶ
190 1329 326 1414 τέκνων,
345 1331 454 1413 <101>
473 1328 528 1394 καὶ
548 1330 598 1394 ὅτι
616 1327 811 1412 τεθνήξεται
829 1330 918 1418 νάσῳ
938 1339 999 1413 τῆς
1016 1334 1137 1414 νηδύος

118 1433 170 1500 ἐπὶ
188 1439 275 1503 πολὺ
294 1440 522 1521 βασανισθείς,
540 1432 594 1499 καὶ
613 1445 681 1500 τῶν
700 1432 843 1520 ἐντέρων
861 1434 951 1522 αὐτῷ
971 1435 1020 1501 δι’
1042 1439 1136 1523 ὑπερ-

117 1542 221 1624 βολήν
238 1553 296 1626 τῆς
315 1555 383 1608 τῶν
402 1542 495 1618 ἐντὸς
514 1543 705 1626 διαφθοράς
723 1538 918 1626 ἐκρυέντων,
938 1541 1019 1607 ὥστ’
1037 1545 1136 1609 αὐτὸν

117 1645 274 1713 έπιδύντα
305 1649 367 1731 τήν
400 1650 502 1714 αὑτοῦ
536 1648 714 1733 συμφορὰν
745 1645 800 1712 καὶ
829 1645 935 1733 μηδὲν
968 1651 1135 1734 βοηθῆσαι

118 1752 306 1838 δυνάμενον
327 1751 434 1819 ἔπειθ’
456 1753 562 1831 οὕτως
580 1752 775 1818 ἀποθανεῖν.
812 1751 996 1839 ταῦταμὲν
1018 1756 1136 1841 ἐδήλου
1149 1771 1167 1810 15

82 1860 173 1924 3διά
200 1869 258 1944 τής
287 1860 460 1944 ἐπιστολῆς
487 1861 505 1926 δ
530 1858 656 1936 Ἠλίας·
684 1860 801 1942 <102>
830 1858 899 1944 μετ’
925 1861 966 1925 ού
989 1867 1081 1928 πολὺ
1104 1860 1137 1928 δὲ

118 1970 257 2052 στρατὸς
272 1964 421 2053 Ἀράβων
438 1979 507 2032 τῶν
526 1968 659 2050 ἔγγιστα
675 1974 734 2049 τῆς
747 1968 930 2042 Αἰθιοπίας
943 1972 1138 2035 κατοικούν-

117 2095 184 2134 των
211 2070 266 2135 καὶ
293 2084 361 2138 τῶν
389 2074 588 2157 ἀλλοφύλων
618 2074 666 2148 είς
693 2071 754 2154 τήν
778 2069 936 2158 Ἰωράμου
964 2077 1139 2157 βασιλείαν

119 2172 267 2257 ἐνέβαλε,
295 2175 351 2240 καὶ
377 2179 439 2259 τήν
466 2201 501 2242 τε
528 2179 641 2263 χώραν
670 2178 855 2262 διήρπασαν
881 2176 937 2242 καί
961 2181 1022 2243 τὸν
1047 2177 1140 2246 οἷκον

118 2287 177 2342 τοῦ
201 2278 371 2362 βασιλέως,
395 2284 442 2345 ἔτι
467 2279 504 2347 δὲ
522 2280 578 2346 καὶ
596 2285 674 2358 τοὺς
693 2284 789 2361 υίοὺς
807 2283 909 2348 αὐτοῦ
928 2283 1141 2369 κατέσφαξαν
1153 2302 1175 2342 2⁰

117 2380 172 2447 καί
195 2384 254 2460 τάς
276 2397 444 2466 γυναῖκας.
486 2380 534 2464 εἷς
557 2384 594 2452 δὲ
618 2387 706 2476 αὐτῷ
729 2392 951 2475 περιλείπεται
975 2402 1045 2455 τῶν
1067 2396 1142 2457 παί-

118 2491 198 2574 δων,
218 2492 394 2576 διαφυγὼν
412 2496 491 2572 τοὺς
509 2497 699 2579 πολεμίους,
719 2493 861 2579 Ὀχοζίας
875 2497 989 2580 ὄνομα.
1028 2500 1142 2581 <103>

117 2598 197 2681 μετά
222 2594 258 2664 δὲ
277 2601 400 2685 ταύτην
418 2601 480 2686 την
499 2602 676 2687 συμφοράν
697 2600 797 2678 αύτὸς
814 2602 876 2684 τήν
894 2605 1143 2688 προειρημένην

117 2704 182 2770 ὑπὸ
206 2716 266 2771 τοῦ
289 2711 463 2793 προφήτου
485 2713 587 2775 νόσον
608 2706 660 2773 ἐπὶ
678 2714 834 2773 πλεῖστον
853 2710 997 2789 νοσήσας
1016 2714 1144 2793 χρόνον

119 2807 296 2896 (ἐπέσκηψε
324 2816 387 2900 γάρ
416 2816 463 2890 είς
492 2816 554 2897 τήν
580 2811 722 2900 γαστέρα
751 2815 787 2878 τὸ
816 2820 913 2878 θεῖον
943 2812 1048 2880 αὐτοῦ
1081 2820 1178 2901 τήνῑᾶ

119 2915 238 3003 ὀργήν)
272 2917 421 2995 ἐλεεινῶς
454 2918 637 3002 ἀπέθανεν,
675 2919 800 2984 ε’πιδὼν
832 2919 935 2984 αὑτοῦ
972 2922 1012 2984 τά
1046 2921 1144 3001 ἐντὸς

118 3020 285 3108 ἐκρυέντα.
321 3026 515 3110 περιύβρισε
539 3022 569 3089 δ’
592 3025 695 3090 αύτού
717 3023 851 3090 καὶτὸν
869 3026 989 3110 νεκρὸν
1009 3027 1027 3091 δ
1048 3033 1143 3107 λαός·

118 3128 227 3210 <104>
252 3128 465 3213 λογισάμενοι
488 3128 561 3211 γάρ,
585 3124 688 3214 οἶμαι,
711 3133 771 3196 τὸν
794 3132 898 3207 οὕτως
921 3131 1144 3200 ἀποθανόντα

117 3235 198 3298 κατά
222 3243 324 3318 μήυιν
346 3240 430 3298 θεοῦ
454 3229 537 3318 μηδὲ
559 3236 693 3316 κηδείας
717 3246 776 3319 τής
799 3242 972 3322 βασιλεῦσι
994 3244 1143 3322 πρεπού-

92 3375 94 3378 >
117 3354 177 3420 σης
196 3340 289 3417 ἀξιον
309 3335 393 3405 εἶναι
412 3350 535 3424 τυχεῖν,
554 3341 631 3405 οὔτε
644 3354 716 3418 ταῖς
729 3341 897 3429 πατρῴαις
916 3342 1143 3424 ἐνεκήδευσαν
1156 3364 1178 3404 ³0

189 3466 271 3524 §100
291 3459 603 3516 =2Para1.xx113.
