2400 3840
89 150 155 217 372
459 144 734 197 APxA10A0r1A2

88 311 154 377 ἀπό
178 307 215 375 δέ
239 318 299 375 τοῦ
321 307 438 385 τέλους
461 307 572 372 αὐτῶν
597 304 758 387 ἀληθείας
785 306 900 368 πίστιν
927 299 982 366 καὶ
1009 297 1095 377 δόξαν

88 417 175 502 όμοῦ
198 417 371 497 θειότητος
392 415 482 500 παρὰ
505 423 575 488 τοῖς
593 413 706 496 ὄχλοις
723 407 964 494 ἀποφέρεσθαι.
1001 407 1096 491 (269)

88 522 242 589 κατέλιπε
266 518 304 587 δέ
326 521 467 605 γράψας,
490 520 574 584 ὅθεν
596 517 677 602 ἡμῖν
696 518 734 582 τὸ
754 524 814 599 τῆς
831 518 1033 601 προφητείας
1049 511 1096 576 αύ-

89 638 150 694 τοῡ
177 623 312 711 ἀκριβὲς
336 624 393 691 καὶ
420 625 675 711 ἀπαράλλακτον
702 621 835 705 ἐποίησε
866 622 982 705 δῆλον.
1029 615 1097 704 φησί

89 737 153 818 γάρ
180 735 285 800 αὐτοῦ
313 731 493 818 γινομένου
521 730 557 797 έν
583 732 731 807 Σούσοις
756 738 796 815 τῆ
825 732 1026 816 μητροπόλει
1051 735 1116 809 τῆςι

89 842 268 925 Περσίδος,
291 840 337 917 όις
355 837 485 918 ἐξέλθοι
509 835 571 922 μὲν
594 841 642 914 είς
664 839 701 903 τὸ
725 837 843 902 πεδίον
866 834 945 920 μεθ’
973 833 1098 918 ἑταίραν

89 946 206 1028 αὐτοῦ,
229 954 367 1030 σεισμοῦ
389 941 427 1010 δέ
448 942 504 1010 καὶ
527 947 651 1010 κλόνου
673 952 732 1027 τῆς
754 951 816 1026 γῆς
837 941 998 1027 ἐξαίφνης
1020 962 1099 1025 γενο

90 1050 194 1135 μένου
216 1052 454 1134 καταλειφθείη
473 1054 586 1135 μόνος,
609 1052 805 1134 φευγόντων
825 1052 1035 1134 τῶνφίλων,
1055 1042 1100 1112 καλ

88 1154 185 1221 πέσοι
212 1151 275 1239 μὲν
303 1154 356 1221 ἐπὶ
384 1159 489 1241 στόμα
518 1153 698 1242 ταραχθεὶς
729 1152 783 1221 ἐπὶ
809 1156 869 1232 τάς
900 1157 962 1221 δύο
991 1167 1101 1240 χεῖρας,

88 1263 181 1341 τινὸς
204 1259 235 1328 δ’
260 1261 435 1349 ἁψαμένου
457 1263 561 1329 αὐτοῦ
589 1260 644 1328 καὶ
667 1261 789 1347 μεταξὺ
811 1264 1010 1341 κελεύοντος
1033 1262 1100 1328 ἀνα·
1112 1276 1129 1318 1⁰

89 1377 207 1454 στῆναι
239 1369 295 1436 καὶ
327 1371 368 1437 τὰ
399 1368 562 1454 μέλλοντα
594 1371 826 1454 συμβήσεσθαι
857 1381 928 1446 τοῖς
961 1374 1103 1445 πολίταις

90 1477 178 1542 ίδεῖν
199 1478 280 1561 μετὰ
302 1478 429 1554 πολλὰς
450 1476 577 1559 γενεάς,
600 1476 711 1560 <2λο>
734 1475 914 1541 ἀναστάντι
939 1475 1002 1557 [δ’]
1023 1476 1103 1563 αὐτῷ

90 1580 267 1665 δειχθῆναι
288 1584 386 1667 κριὸν
407 1582 524 1667 μέγαν,
545 1583 653 1649 πολλὰ
674 1578 736 1666 μὲν
754 1581 962 1667 ἐκπεφυκότα
979 1581 1103 1669 κέρατα,

88 1687 127 1753 τό
158 1684 196 1753 δέ
222 1693 414 1754 τελευταῖον
444 1689 558 1755 αὐτῶν
588 1690 797 1774 ὑψηλότερον
828 1689 957 1773 ἔχοντα.
1009 1684 1101 1755 ἔπειτ’

89 1791 276 1879 ἀναβλέψαι
303 1791 366 1879 μὲν
393 1796 442 1874 εἰς
455 1795 530 1879 ’τδμ
557 1796 671 1879 δύσιν,
702 1795 892 1861 θεάσασθαι
920 1792 959 1861 δέ
986 1797 1105 1883 τράγον
1117 1808 1135 1850 1⁵

89 1896 147 1964 ἀπ’
173 1900 277 1985 αὐτῆς
298 1898 344 1965 δι’
369 1899 467 1986 ἀέρος
493 1904 694 1988 φερόμενον,
721 1900 805 1983 <ὃν>
830 1903 1041 1988 συρράξαντα
1067 1911 1106 1990 τῷ

88 2002 178 2092 κριςό
194 2004 251 2080 καὶ
273 2017 344 2082 τοῖς
364 2004 479 2091 κέρασι
502 2005 680 2091 κυρίξαντα
708 2003 761 2081 δὶς
785 2010 985 2091 καταβαλεῖν
1009 2009 1106 2073 αὐτὸν

90 2107 144 2174 ἐπὶ
163 2112 225 2192 τὴν
244 2120 308 2193 γῆν
325 2107 381 2175 καὶ
400 2121 552 2194 πατῆσαι.
588 2111 699 2193 <271>
714 2105 784 2175 εἶτα
801 2113 862 2175 τὸν
879 2113 1005 2195 τράγον
1025 2115 1106 2177 ίδεῖν

90 2212 125 2277 ἐκ
148 2223 209 2278 τοῦ
232 2215 385 2297 μετώπου
407 2213 565 2296 μέγιστον
587 2213 807 2298 ἀναφύσαντα
829 2214 940 2302 κέρας,
969 2213 1010 2281 οὗ
1033 2225 1106 2283 κλα-

89 2316 231 2395 σθέντος
249 2319 333 2382 ἀλλα
352 2317 598 2401 ἀναβλαστῆσαι
617 2317 766 2406 τέτταρα,
785 2320 863 2387 καθ’
884 2322 1024 2390 ἕκαστον
1043 2337 1107 2390 τῶν
1119 2341 1139 2381 2⁰

90 2420 222 2509 ἀνέμων
244 2421 459 2509 τετραμμένα.
504 2421 537 2501 έξ
566 2423 677 2490 αὐτῶν
706 2424 737 2490 δ’
763 2427 921 2513 ἀνασχεῖν
948 2429 1004 2494 καὶ
1028 2432 1107 2497 ἀλλο

90 2533 286 2618 μικρότερον
309 2529 507 2616 ἀνέγραψεν,
529 2530 547 2596 ὃ
571 2530 719 2615 αὐξῆσαν
738 2536 850 2617 ἔλεγεν
869 2535 958 2623 αὐτῷ
977 2537 995 2602 ό
1014 2535 1105 2603 ταῦτ’

91 2637 279 2716 ἐπιδεικνὺς
310 2641 391 2716 θεὸς
422 2641 621 2724 πολεμήσειν
653 2640 756 2704 αὐτοῦ
785 2635 931 2718 τοῦθνος
960 2642 1016 2708 καὶ
1049 2647 1114 2728 τῆν

89 2748 190 2811 πόλιν
213 2748 363 2831 αίρῆσειν
385 2748 467 2810 κατά
489 2746 623 2832 κράτος,
650 2744 706 2810 καὶ
729 2758 865 2829 συγχεῖν
887 2749 928 2812 τά
950 2748 1027 2835 περὶ
1050 2755 1110 2817 τὸν

90 2852 189 2935 ναόν,
216 2850 271 2916 καὶ
298 2853 357 2927 τάς
383 2856 507 2930 θυσίας
533 2855 696 2920 κωλύσειν
723 2851 881 2936 γενέσθαι
907 2853 959 2937 ἐφ’
985 2856 1110 2942 ἡμέρας
1123 2873 1141 2915 υ

89 2960 200 3039 χιλίας
214 2958 383 3033 διακοσίας
397 2955 595 3042 ἐνενήκοντα
614 2959 656 3038 ἒξ.
694 2961 804 3045 <272>
822 2959 1003 3045 ταῦταμὲν
1023 2964 1110 3028 ίδεῖυ

91 3060 128 3126 έν
151 3073 196 3150 τῷ
219 3064 322 3150 πεδίῳ
345 3072 391 3150 τῷ
415 3062 452 3128 ἐν
474 3065 620 3141 Σούσοις
643 3066 661 3131 ὁ
685 3072 857 3151 Δανιῆλος
880 3069 1013 3153 ἔγραψε,
1038 3080 1110 3154 κρῖ-

88 3192 147 3233 ναι
176 3167 207 3232 δ’
238 3167 326 3255 αὐτῷ
353 3168 414 3251 τὴν
442 3170 522 3246 όψιν
549 3179 610 3235 τοῦ
637 3174 870 3259 φαντάσματος
901 3172 1022 3255 έδηλου
1050 3178 1111 3242 τὸν

89 3276 175 3339 θεὸν
198 3273 311 3350 οὕτως.
351 3275 411 3339 τὸν
429 3269 490 3357 μέν
508 3277 604 3359 κριὸν
623 3280 792 3361 βασιλείας
809 3282 869 3356 τάς
887 3283 1031 3365 Περσῶν
1054 3282 1110 3347 καὶ

88 3381 222 3461 Μῆδον
252 3382 426 3464 σημαίνειν
456 3381 593 3465 ἔφασκε,
622 3385 662 3448 τά
692 3380 730 3449 δὲ
758 3381 879 3470 κέρατα
908 3390 987 3463 τοὺς
1015 3392 1110 3471 βασι-
1124 3407 1141 3446 ε(

161 3504 243 3565 ςεοο
260 3500 496 3558 =Dan.vn12.

147 3742 270 3770 Δ
