2400 3840
521 133 619 182 EKTH
1038 129 1078 194 61

61 291 181 354 δοκίαν
208 291 297 374 παρά
323 299 384 354 τοῦ
411 290 573 375 βασιλέως
599 294 706 378 ἀνδρα
734 297 878 375 θεοφιλῆ
911 289 965 354 καὶ
993 293 1080 376 παρὰ

60 397 162 478 δίκην
185 397 385 480 ζητούμενον
408 395 461 461 έπὶ
485 398 620 486 θανάτῳ
648 397 704 463 καὶ
733 397 917 463 λανθάνειν
941 397 1081 480 δυνάμε-

60 524 124 566 νον
148 500 307 585 διέβαλον
329 500 383 566 καί
407 504 619 588 παραδώσειν
638 503 835 587 ὑπέσχοντο·
860 505 962 584 γνοὺς
980 502 1080 586 γάρὸ

59 609 216 690 Δαυίδης
243 609 304 691 τῆν
330 620 398 673 τῶν
433 614 594 694 Ζιφηνῶν
620 611 824 692 κακοήθειαν
851 606 906 682 καὶ
934 609 994 690 τῆν
1021 617 1081 672 τοῦ

36 712 227 798 οβασιλέως
245 716 380 799 ἔφοδον,
409 714 549 782 ἐκλείπει
578 712 640 800 μέν
664 718 705 781 τά
733 717 831 781 στενά
859 724 917 798 τῆς
945 713 1081 778 ἐκείνων

60 822 183 904 χώρας,
206 822 323 904 φεύγει
352 819 383 886 δ’
410 819 463 885 ἐπὶ
487 823 547 906 τὴν
571 823 717 907 μεγάλην
740 822 864 908 πέτραν
891 823 953 904 τῆν
976 817 1081 886 οὖσαν

62 925 98 990 ἐν
127 935 167 1011 τῆ
191 926 340 1004 Μαίονος
363 926 481 1016 ἐρήμην.

129 1033 240 1114 <281>
272 1033 404 1118 ὥρμησε
437 1032 467 1098 δ’
503 1031 553 1099 ἐπ’
584 1032 715 1117 έκείνην
747 1036 880 1100 διώκειν
912 1034 1115 1110 Σάουλοςο

60 1139 144 1202 κατά
159 1139 222 1223 γάρ
237 1139 298 1220 τῆν
312 1139 394 1205 ὁδὸν
408 1139 666 1225 ἀναχωρήσαντα
681 1140 717 1205 ἐκ
734 1153 802 1206 τών
816 1152 942 1205 στενῶν
960 1140 1081 1224 μαθὼν

27 1263 50 1302 1⁰
61 1246 123 1310 τὸν
145 1246 312 1328 Δαυίδην,
336 1243 389 1310 ἐπὶ
412 1248 449 1310 τὸ
473 1245 586 1332 ἕτερον
609 1246 709 1332 μέρος
726 1256 784 1330 τῆς
806 1246 927 1331 πέτρας
946 1245 1080 1330 ἀπῆρεν.

62 1349 363 1435 ἀντιπεριέσπασαν
387 1348 424 1416 δὲ
446 1353 506 1417 τὸν
524 1353 682 1418 Σάουλον
701 1353 764 1418 ἀπὸ
783 1361 841 1437 τῆς
861 1350 1003 1429 διώξεως
1020 1361 1080 1415 τοῦ

61 1457 229 1540 Δαυίδου,
252 1455 429 1540 μέλλοντος
447 1458 510 1541 ἤδη
532 1461 835 1544 συλλαμβάνεσθαι,
860 1455 1079 1523 Παλαιστινοὶ

62 1563 166 1628 πάλιν
198 1560 251 1627 έπὶ
289 1563 350 1654 τῆν
382 1575 450 1628 τῶν
483 1562 646 1649 Ἐβραίων
683 1564 932 1649 ἐστρατευκέναι
969 1565 1081 1649 χώραν

63 1667 300 1746 ἀκουσθέντες·
330 1668 383 1734 ἐπὶ
411 1672 473 1752 γὰρ
497 1671 636 1746 τούτους
659 1669 838 1756 ἀνέστρεψε
862 1673 961 1755 φύσει
985 1676 1081 1735 πολε-

30 1793 51 1832 15
64 1779 163 1858 μίους
187 1777 295 1857 ὄντας,
318 1776 440 1852 αὐτοὺς
464 1775 655 1860 ἀμύνασθαι
683 1780 799 1861 κρίνας
822 1776 1081 1858 ἀναγκαιότερον

63 1880 82 1964 ῆ
105 1883 167 1946 τὸν
190 1881 281 1962 ,ἴδιον
300 1881 526 1958 σπουδάζοντα
550 1884 666 1965 λαβεῖν
690 1880 814 1965 ἐχθρὸν
831 1881 1002 1965 ὑπεριδεῖν
1020 1880 1081 1961 τῆν

62 1997 127 2070 γῆν
149 1994 369 2052 κακωθεῖσαν.

129 2091 240 2174 <282>
263 2091 318 2156 καὶ
340 2093 492 2175 Δαυίδης
518 2088 580 2176 μὲν
608 2091 712 2168 οὕτως
740 2090 776 2156 ἐκ
802 2080 994 2178 παραλόγου
1021 2095 1116 2157 τὸνε

61 2199 226 2264 κίνδυνον
249 2198 424 2280 διαφυγὼν
448 2201 496 2274 είς
518 2200 557 2263 τά
585 2199 683 2263 στενά
710 2208 769 2282 τῆς
795 2196 990 2284 Ἐνγεδηνῆς
1017 2199 1081 2283 ἀφ-

28 2321 50 2361 20
63 2317 215 2388 ικνεῑται,
234 2307 376 2394 Σαούλῳ
396 2303 427 2370 δ’
445 2304 617 2389 ἐκβαλόντι
639 2299 717 2383 τοὺς
735 2310 981 2383 Παλαιστινοὺς
999 2302 1081 2390 ῆκον

62 2408 327 2493 ἀπαγγέλλοντες
354 2408 442 2488 τινὲς
468 2414 528 2477 τὸν
550 2414 706 2495 Δαυίδην
730 2411 767 2477 ἐν
795 2425 864 2490 τοῖς
885 2412 1082 2496 Ἐνγεδηνῆς

63 2518 249 2602 διατρίβειν
263 2517 363 2602 ὅροις.
411 2519 519 2602 <283>
538 2520 650 2602 λαβὼν
670 2516 706 2583 δὲ
725 2521 928 2604 τρισχιλίους
947 2521 1082 2595 ὁπλίτας

63 2621 256 2699 ἐπιλέκτους
275 2621 325 2687 ἐπ’
342 2622 445 2690 αὐτὸν
463 2623 626 2706 ἠπείγετο,
644 2622 699 2688 καὶ
718 2627 896 2707 γενόμενος
914 2624 955 2687 οὐ
968 2627 1081 2707 πόρρω

62 2740 131 2794 τών
163 2730 275 2793 τόπων
302 2729 363 2815 ὁρᾷ
395 2731 483 2815 παρά
515 2730 577 2812 τῆν
609 2729 690 2794 ὁδὸν
718 2730 881 2812 σπήλαιον
908 2731 999 2812 βαθὺ
1026 2726 1081 2791 καὶ

26 2841 190 2917 ὶδκοῐλον,
214 2838 261 2912 είς
283 2839 370 2901 πολὺ
392 2835 447 2900 καὶ
470 2846 573 2920 μῆκος
596 2835 742 2924 ἀνεῳγὸς
764 2832 819 2899 καὶ
842 2835 973 2916 πλάτος,
997 2835 1082 2898 ἔνθα

63 2941 242 3026 συνέβαινε
271 2944 331 3007 τὸν
353 2943 509 3025 Δαυίδην
531 2943 611 3026 μετά
634 2953 702 3007 τῶν
723 2946 945 3028 τετρακοσίων
967 2942 1083 3024 κεκρύ-

63 3054 163 3132 φθαι.
210 3045 421 3130 ἐπειγόμενος
451 3041 513 3111 οὖν
535 3047 601 3113 ὑπὸ
624 3059 691 3113 τῶν
714 3050 922 3132 κατὰφύσιν
946 3053 1082 3111 είσεισιν

63 3157 112 3230 είς
134 3151 218 3217 αὐτὸ
241 3155 351 3236 μόνος.
387 3151 527 3229 θεαθεὶς
550 3151 581 3218 δ’
599 3155 665 3219 ὑπό
684 3178 775 3232 τινος
793 3165 860 3219 τῶν
879 3154 958 3237 μετά
977 3155 1082 3216 Δαυί-

62 3260 142 3341 δου,
179 3259 289 3342 <284>
311 3256 366 3322 καὶ
390 3258 580 3343 φράσαντος
602 3268 663 3324 τοῦ
686 3258 896 3342 θεασαμένου
918 3261 1001 3343 πρὸς
1024 3259 1083 3323 τὸν

24 3383 48 3422 ³⁰
61 3365 191 3450 ἐχθρὸν
219 3363 323 3428 αὐτοῦ
352 3365 440 3449 παρά
460 3372 527 3440 Ιτοῦ
559 3371 644 3429 θεοῦ
676 3366 794 3448 καιρὸν
826 3364 913 3445 ἔχειν
946 3363 1083 3447 ἀμύνης,

136 3490 220 3551 §280
240 3510 274 3530 =
297 3484 392 3552 lReg.
412 3483 560 3538 xxss124.
