2400 3840
552 125 676 174 ENATH
1054 122 1119 187 κιο

170 284 256 367 <95>
273 280 428 368 Ἰώραμος
447 282 477 346 δ’
499 283 516 348 ὁ
536 294 603 348 τών
618 281 856 368 Ἱεροσολύμων
876 285 1032 367 βασιλεύς
1050 282 1119 372 (καί
1139 264 1159 328 5

102 393 208 477 τούτῳ
233 392 295 475 γάρ
318 384 361 473 ήν
383 389 495 473 ταύτά,
517 391 631 466 καθὼς
653 391 897 475 προειρήκαμεν
921 392 1119 475 ἔμπροσθεν,

102 496 221 582 ὄνομα)
245 497 447 580 παραλαβὼν
474 496 535 578 τήν
558 495 663 582 ἀρχήν
686 495 791 573 εὐθὺς
819 493 872 561 ἐπὶ
898 497 1031 579 σφαγήν
1053 507 1121 561 τῶν

102 603 258 686 ἀδελφῶν
282 603 385 667 αὐτοῦ
408 600 463 666 καλ
486 613 553 667 τών
575 600 738 691 πατρῴων
760 605 886 686 φίλων,
914 605 950 666 οἳ
968 600 1023 667 καλ
1046 601 1120 685 ήγε-

75 711 202 792 σμόνες
219 703 316 792 ἦσαν,
334 707 510 794 ἐχώρησεν,
528 708 590 790 τήν
609 707 714 793 ἀρχήν
732 707 787 773 καὶ
805 709 866 791 τήν
885 707 1045 787 ἐπίδειξιν
1062 719 1121 793 της

102 819 262 900 πονηρίας
286 814 445 879 ἐντεῦθεν
467 813 703 898 ποιησάμενος,
730 812 784 878 καὶ
812 810 917 899 μηδὲν
941 816 1120 898 διενεγκὼν

101 932 169 985 τῶν
191 930 252 985 τοῦ
269 918 397 1007 Ἰσραήλ
417 918 591 1004 βασιλέων,
615 922 650 984 οἳ
670 932 795 1006 πρῶτοι
818 924 1052 1008 παρενόμησαν
1073 923 1120 998 είς

100 1029 141 1091 τά
164 1027 285 1112 πάτρια
308 1038 377 1091 τών
395 1023 559 1111 Ἑβραίων
587 1028 649 1109 ἐθη
677 1024 732 1090 καλ
759 1027 821 1109 τήν
843 1036 903 1092 τοῦ
929 1033 1013 1091 θεοῦ
1036 1033 1120 1112 θρητ

102 1137 225 1197 σκείαν.
267 1133 354 1216 <96>
375 1131 503 1209 ἐδίδαξε
522 1129 553 1195 δ’
576 1132 678 1197 αὐτὸν
696 1132 736 1197 τά
758 1130 787 1197 τ’
809 1134 892 1198 ἀλλα
913 1128 999 1198 εἶναι
1017 1137 1120 1200 κακὸν

60 1259 87 1296 10
100 1237 156 1303 καὶ
186 1239 226 1321 δή
254 1236 309 1303 καὶ
337 1238 486 1317 ξενικοὺς
508 1240 611 1315 θεοὺς
637 1250 840 1324 προσκυνεῖν
865 1241 1029 1324 Γοθολία,
1056 1247 1120 1306 θν-

101 1346 204 1431 γάτηρ
233 1341 294 1429 μὲν
318 1343 473 1429 Ἀχάβου,
501 1354 702 1410 συνοικοῦσα
731 1342 762 1409 δ’
788 1345 886 1433 αὐτῷ.
931 1343 986 1410 καί
1015 1346 1033 1411 ὁ
1058 1343 1120 1431 μὲν

101 1453 182 1527 θεὸς
209 1452 265 1515 διά
291 1452 353 1534 τήν
380 1453 463 1535 πρὸς
487 1453 643 1534 Δαυίδην
667 1452 848 1535 ὁμολογίαν
875 1450 936 1516 οὐκ
964 1449 1119 1535 ἐβούλετο

100 1559 221 1622 τούτου
244 1560 281 1622 τὸ
305 1556 402 1640 γένος
427 1555 637 1641 ἐξαφανίσαι,
663 1554 819 1642 Ἰώραμος
846 1554 877 1621 δ’
902 1556 944 1622 οὐ
971 1555 1119 1624 διέλιπεν

101 1661 238 1746 ἑκάστης
260 1661 384 1749 ἡμέρας
406 1674 618 1748 καινουργῶν
641 1660 691 1727 ἐπ’
713 1661 846 1749 ἀσεβείᾳ
868 1660 924 1728 καὶ
943 1664 1030 1749 λύμη
1051 1677 1119 1730 τῶν

59 1788 85 1826 15
102 1769 287 1856 ἐπιχωρίων
311 1768 469 1854 ἐθισμῶν.
516 1770 602 1852 <97>
625 1767 840 1833 ἀποστάντων
863 1767 894 1833 δ’
919 1770 1022 1835 αὐτοῦ
1044 1767 1116 1835 κατ’

100 1875 230 1940 ἐκείνου
252 1876 312 1940 τὸν
334 1876 453 1961 καιρὸν
474 1884 543 1940 τών
562 1872 773 1958 Ἰδουμαίων,
794 1871 849 1939 καί
871 1875 932 1939 τὸν
954 1872 1017 1959 μὲν
1038 1879 1119 1961 πρό-

99 2005 198 2066 τερον
221 1981 488 2047 ἀποκτεινάντων
510 1978 661 2065 βασιλέα,
689 1979 726 2057 ὃς
752 1979 920 2063 ὑπήκουεν
947 1980 1051 2045 αὐτοῦ
1073 1992 1119 2070 τῷ

100 2090 210 2173 πατρί,
234 2088 274 2153 ὃν
293 2086 323 2152 δ’
346 2084 640 2171 ἐβούλοντοαύτοὶ
657 2086 943 2170 καταστησάντων,
963 2084 1119 2173 Ἰώραμος

100 2195 180 2277 μετά
203 2204 271 2258 τῶν
293 2191 369 2278 περὶ
392 2193 495 2258 αὑτὸν
514 2191 641 2258 ίππέων
662 2192 804 2258 καὶτῶν
822 2191 976 2280 ἁρμάτων
998 2196 1118 2272 νυκτὸς

57 2318 86 2357 20
101 2303 149 2376 είς
176 2301 238 2382 τήν
261 2298 459 2384 Ἰδουμαίαν
481 2298 630 2384 ἐνέβαλε,
659 2297 714 2364 καί
743 2302 822 2377 τοὺς
849 2295 917 2384 μὲν
939 2297 1033 2385 πέριξ
1060 2309 1119 2384 τῆς

101 2406 205 2470 αὑτοῦ
223 2408 393 2490 βασιλείας
411 2404 595 2491 διέφθειρε,
613 2404 810 2492 πορρωτέρω
829 2404 860 2470 δ’
878 2407 919 2471 οὐ
937 2412 1118 2492 προῆλθεν.

100 2513 196 2595 <98>
220 2514 328 2594 ώνησε
350 2510 464 2596 μέντοι
486 2521 584 2577 τοῦτο
608 2513 748 2594 ποιήσας
770 2510 885 2577 οὐδέν·
912 2513 1033 2590 πάντες
1055 2515 1118 2598 γάρ

100 2616 288 2702 ἀπέστησαν
311 2618 429 2700 αὐτοῦ,
456 2613 511 2681 καὶ
538 2618 573 2681 οί
595 2617 657 2699 τήν
683 2617 795 2701 χώραν
821 2617 884 2699 τήν
910 2615 1119 2702 καλουμένην

100 2725 276 2807 Λάβαιναν
299 2726 484 2808 νεμόμενοι.
529 2716 572 2805 ήν
595 2719 626 2786 δ’
652 2721 758 2799 οὕτως
785 2720 931 2805 ἐμμανής
954 2722 1036 2785 ώστε
1058 2723 1118 2786 τὸν

58 2847 84 2887 25
99 2831 183 2895 λαὸν
205 2830 388 2913 ἠνάγκαζεν
411 2827 465 2895 ἐπὶ
487 2829 527 2893 τά
549 2828 661 2912 ὑψηλὰ
683 2838 751 2892 τῶν
776 2827 866 2914 ὀρῶν
894 2825 1118 2909 ἀναβαίνοντα

99 2948 302 3023 προσκυνεῖν
324 2939 403 3013 τοὺς
426 2935 623 3022 ἀλλοτρίους
645 2934 757 3011 θεούς.

166 3043 253 3126 <99>
275 3053 378 3108 ταῦτα
397 3041 427 3107 δ’
451 3041 539 3129 αὐτῷ
558 3040 736 3128 πράττοντι
753 3037 809 3105 καὶ
827 3037 946 3116 τελέως
964 3037 1117 3123 ἐκβεβλη-
1136 3057 1152 3105 2

99 3151 171 3212 κότι
203 3158 262 3231 τῆς
292 3150 443 3224 διανοίας
471 3149 513 3212 τά
541 3148 663 3234 πάτρια
695 3151 818 3232 νόμιμα
846 3147 1010 3229 κομίζεται
1037 3144 1115 3231 παρ’

97 3251 216 3318 Ἠλίου
243 3263 303 3318 τοῦ
327 3255 501 3339 προφήτου
525 3251 588 3341 (ἐτι
616 3255 679 3338 γάρ
708 3250 760 3318 ἐπί
788 3261 849 3335 γῆς
870 3244 928 3337 ήν)
953 3250 1117 3334 ἐπιστολή,

57 3359 119 3440 3οή
147 3360 207 3423 τὸν
239 3360 323 3424 θεὸν
355 3357 476 3442 ἐδήλου
508 3359 655 3443 μεγάλην
685 3355 762 3443 παρ’
793 3357 897 3422 αὐτοῦ
929 3361 1118 3442 ληψόμενον

171 3485 234 3545 §95
254 3505 288 3525 =
307 3480 407 3552 4Rog.
422 3481 488 3536 VIII
503 3485 548 3544 163
569 3478 691 3533 2Paral.
707 3477 770 3532 XXI
783 3485 806 3534 1.
