2400 3840
510 147 635 198 ΟΓΔΟΗ
1013 145 1077 208 247

130 302 184 369 καὶ
218 305 235 370 6
268 302 329 389 μὲν
361 308 534 390 προφήτης
565 304 657 371 ταῦτ’
688 307 833 390 ἐδήλωσε
859 315 905 393 τῷ
933 310 1077 390 βασιλεῖ·
1091 310 1133 372 14

62 411 173 494 <363>
197 421 264 476 τῶν
288 408 325 475 δὲ
347 409 423 498 περὶ
441 415 501 477 τὸν
514 411 660 496 ’Ἀχαβον
678 415 787 477 όντων
804 413 975 494 τοιούτων,
997 414 1080 476 κατὰ

60 521 123 582 τὸν
150 517 253 582 αὐτὸν
280 520 398 603 καιρὸν
421 518 439 583 6
462 527 522 582 τοῦ
543 516 684 584 Ἀδάδου
707 520 780 595 υίὸς
803 519 989 602 βασιλεύων
1012 529 1080 584 τῶν

62 625 188 709 Σύρων
210 621 265 688 καὶ
288 629 485 708 Δαμασκοῦ,
516 625 661 709 δύναμιν
685 623 717 703 ἐξ
741 623 869 708 ἀπάσης
891 633 949 707 τής
971 625 1080 710 χώρας

25 747 42 787 5
61 731 263 811 συναγαγὼν
289 728 344 794 καὶ
373 730 565 815 συμμάχους
586 733 665 807 τοὺς
687 729 793 816 πέραν
815 730 997 815 Εὐφράτου
1020 721 1087 814 βαὲ

61 835 175 911 σιλέας
206 836 428 920 ποιησάμενος
459 836 637 922 τριάκοντα
667 835 722 901 καὶ
753 837 830 919 δύο,
863 835 1079 923 ἐστράτευσεν

62 939 116 1006 ἐπὶ
141 945 199 1007 τὸν
217 941 372 1026 Ἄχαβον.
408 941 518 1026 <364>
541 943 559 1008 ὃ
584 941 614 1007 δ’
636 943 697 1007 ούκ
720 943 905 1026 ὢνόμοιος
927 943 1016 1030 αὐτῷ
1039 951 1078 1027 τῇ

61 1057 200 1134 στρατιᾷ
222 1050 305 1133 πρὸς
328 1048 437 1132 μάχην
460 1045 521 1132 μὲν
544 1049 585 1114 οὐ
607 1048 820 1135 παρετάξατο,
843 1049 951 1114 πάντα
974 1047 1005 1112 δ’
1032 1050 1080 1125 είς

60 1155 121 1230 τὰς
139 1155 348 1239 ὀχυρωτάτας
366 1157 479 1231 πόλεις
497 1153 666 1240 ἐγκλείσας
683 1155 724 1220 τά
743 1154 780 1220 ἐν
797 1163 836 1240 τή
855 1156 956 1242 χώρα,
979 1155 1081 1231 αὐτὸς

10 1283 42 1322 ιο
61 1257 125 1343 μέν
148 1262 277 1343 ἔμεινεν
300 1259 337 1325 έν
355 1263 529 1348 Σαμαρείᾳ
548 1258 653 1348 (τείχη
677 1262 739 1347 γάρ
762 1260 844 1346 αὐτῇ
864 1264 940 1326 λίαν
960 1261 1079 1347 ἰσχυρά

61 1364 306 1449 περιεβέβλητο,
324 1364 381 1430 καὶ
399 1361 503 1432 τάλλα
522 1368 711 1444 δυσάλωτος
726 1365 858 1453 ἐδόκει),
878 1366 896 1432 6
915 1363 953 1431 δὲ
967 1366 1080 1451 Σύρος

62 1471 240 1554 ἀναλαβὼν
267 1472 328 1555 τήν
355 1473 501 1557 δύναμιν
525 1468 605 1556 ήκεν
628 1472 681 1538 ἐπὶ
703 1473 765 1556 τήν
788 1473 996 1557 Σαμάρειαν,
1023 1469 1079 1536 καί

60 1581 281 1661 περικαθίσας
296 1578 377 1663 αὐτή
392 1575 452 1643 τὸν
462 1565 603 1665 στρατὸν
617 1579 814 1665 ἐπολιόρκει·
829 1579 939 1661 <365>
949 1576 1081 1663 πέμψας

61 1680 100 1747 δέ
132 1684 258 1769 κήρυκα
287 1686 372 1769 πρὸς
393 1683 540 1769 ’Ἁχαβον
566 1683 662 1767 ἠξίου
688 1685 892 1770 πρεσβευτάς
919 1683 1080 1763 δέξασθαι

12 1812 42 1852 15
61 1786 141 1873 παρ’
163 1788 276 1872 αὐτοῦ,
301 1787 345 1853 δι’
368 1784 416 1854 ὧν
439 1789 528 1876 αύτῷ
552 1790 692 1872 δηλώσει
715 1793 750 1854 τί
766 1791 929 1873 βούλεται.
965 1799 1026 1854 τοῦ
1045 1787 1077 1852 δ’

58 1893 272 1979 Ἰσραηλιτῶν
294 1893 456 1979 βασιλέως
478 1892 618 1980 πέμπειν
642 1893 892 1982 ἐπιτρέψαντος,
923 1894 1081 1973 ἐλθόντες

62 2001 98 2065 οἱ
115 1999 269 2085 πρέσβεις
288 2003 404 2082 ἔλεγον
421 1998 492 2066 κατ’
510 2000 648 2083 ἐντολήν
663 2008 724 2066 τοῦ
737 1999 899 2084 βασιλέως
913 2002 972 2065 τὸν
988 1997 1081 2084 Ἀχά-

62 2110 128 2190 βου
160 2111 306 2171 πλοῦτον
337 2104 393 2171 καὶ
424 2107 465 2172 τά
496 2104 594 2171 τέκνα
622 2105 726 2171 αὐτοῦ
752 2104 808 2171 καὶ
834 2108 893 2185 τὰς
920 2118 1081 2189 γυναῖκας

59 2209 203 2276 Ἀδάδου
225 2211 415 2295 τυγχάνειν·
440 2211 482 2276 ἀν
505 2210 536 2276 δ’
558 2212 746 2298 ὁμολογήση
768 2211 822 2278 καὶ
843 2217 959 2297 λαβεῖν
977 2213 1080 2278 αύτὸν

13 2342 44 2380 νο
61 2318 191 2382 τούτων
214 2317 275 2382 ὅσα
299 2318 453 2401 βούλεται
477 2319 684 2405 συγχωρήση,
706 2319 768 2402 τήν
788 2321 946 2406 στρατιάν
964 2319 1080 2399 ἀπάξει

61 2419 119 2487 καὶ
147 2424 308 2488 παύσεται
335 2429 523 2510 πολιορκῶν
551 2423 662 2490 αὐτόν.
709 2426 818 2508 <366>
843 2425 861 2491 6
885 2423 916 2489 δ’
937 2425 1081 2511 ’Ἁχαβος

61 2540 134 2604 τοῖς
160 2526 339 2616 πρέσβεσιν
368 2528 517 2595 ἐκέλευσε
544 2537 741 2616 πορευθεῖσι
768 2530 879 2615 λέγειν
901 2531 1012 2597 αὐτῶν
1034 2540 1080 2619 τῷ

62 2639 195 2718 βασιλεί
220 2635 270 2700 ότι
297 2631 353 2699 καὶ
381 2634 481 2710 αὐτὸς
507 2632 563 2698 καὶ
590 2635 626 2699 oc
649 2633 778 2700 ἐκείνου
800 2635 920 2711 πάντες
941 2633 1077 2719 κτήματ’

63 2737 151 2805 εἰσὶν
173 2740 285 2805 αὐτοῦ.
328 2739 437 2822 <367>
460 2747 564 2805 ταῦτα
588 2736 618 2802 δ’
644 2737 931 2823 ἀπαγγειλάντων,
960 2739 1081 2824 πέμπει

18 2869 45 2909 νε
62 2845 166 2910 πάλιν
184 2848 267 2931 πρὸς
280 2836 383 2912 άύτὸν
397 2844 510 2929 ἀξιῶν,
529 2845 806 2929 ἀνωμολογηκότα
820 2840 906 2910 εἶναι
920 2847 959 2909 τά
973 2846 1081 2911 πάντα

63 2951 209 3034 ἐκείνου,
242 2949 402 3030 δέξασθαι
428 2953 507 3028 τοὺς
534 2948 837 3035 πεμφθησομένους
864 2953 911 3028 είς
937 2952 999 3035 τήν
1026 2950 1042 3016 έ
1067 2991 1081 3000 -

63 3065 185 3123 ιοῦσαν
206 3056 263 3124 ὑπ’
285 3057 388 3122 αὐτοῦ
412 3058 566 3134 δούλους·
591 3048 642 3134 οἷς
660 3057 856 3144 ἐρευνήσασι
874 3057 915 3123 τά
933 3081 968 3122 τε
988 3060 1082 3141 βασί-

63 3170 137 3229 λεια
155 3163 210 3229 καὶ
229 3167 307 3241 τοὺς
325 3175 392 3229 τῶν
411 3168 521 3248 φίλων
538 3162 603 3254 καὶΝ
613 3174 786 3248 συγγενῶν
804 3169 917 3241 οίκονς
933 3160 1083 3229 ἐκέλευσε

64 3271 198 3336 διδόναι
226 3279 292 3335 πάν
321 3271 339 3335 6
362 3293 394 3334 τι
416 3269 459 3335 ἀν
482 3268 519 3334 έν
543 3251 656 3346 αύτοῗς
679 3269 800 3356 εὕρωσι
822 3269 1013 3352 κάλλιστον,
1041 3270 1082 3333 τά

21 3397 48 3436 ιο
64 3375 95 3440 δ’
123 3374 333 3460 ἀπαρέσαντα
362 3373 415 3440 σοί
437 3378 703 3454 καταλείψουσιν.
750 3376 859 3460 <368>
882 3374 1024 3460 ’Ἄχαβος
1047 3373 1078 3440 δ’

138 3502 220 3562 §363
240 3523 273 3542 =
292 3497 393 3566 3Reg.
412 3496 462 3549 XX
479 3503 502 3551 1.
