2400 3840
85 134 150 198 156
452 135 726 189 ΑΡΧΑΙΟΔΟΓΙΔΣ

84 293 311 382 πεφυρμένον,
334 297 487 382 προείποι
503 292 538 360 δ’
561 296 611 361 ὅτι
630 295 796 380 Σολομὼν
817 296 1033 380 οἰκοδομήσει
1052 298 1108 362 τὸν

85 405 169 469 ναὸν
191 402 291 490 αὐτῷ,
314 411 392 479 παϊς
414 399 715 479 συνετώτατοςκαί
739 411 837 467 τοῦτο
856 405 1107 486 κληθησόμενος

85 509 243 594 τοῦυομα,
266 503 307 574 οὗ
329 509 532 594 προνοήσειν
554 505 616 592 μὲν
638 507 739 584 αὐτὸς
760 507 806 585 ὡς
822 507 931 592 πατὴρ
950 506 1107 592 ἐπηγγέλ-

86 621 176 699 λετο,
204 616 265 699 τήν
294 612 325 680 δ’
352 613 516 701 Ἑβραίων
542 615 655 700 χώραν
683 614 864 699 εὐδαίμονα
890 616 1108 697 καταστήσειν

86 719 137 786 ἐπ’
164 721 268 787 αὐτοῦ
290 731 360 797 τοῖς
381 718 412 807 τ’
438 721 552 797 ἀλλοις
577 720 720 802 ἀγαθοῖς
747 717 802 785 καί
830 719 871 802 δή
893 728 941 808 τῷ
965 723 1129 809 μεγίστων

29 877 31 881 -
86 828 236 909 πάντων,
268 826 384 910 εἰρήνη
410 822 466 890 καὶ
493 821 648 909 πολέμων
674 823 847 910 ἀπαλλαγῇ
875 822 933 890 καὶ
960 826 1107 891 στάσεων

88 932 269 1018 ἐμφυλίων.
314 931 433 1015 <338>
463 931 516 996 ‘w
543 935 676 1015 τοίνυν,
703 929 774 997 ἐπεὶ
801 929 856 996 καί
884 933 950 1020 πρὸ
974 940 1036 1016 τῆς
1058 955 1107 1015 γε-

86 1038 208 1114 νέσεως
230 1036 431 1121 ἀπεδείχθης
453 1040 609 1122 βασιλεὺς
635 1038 701 1104 ὑπὸ
729 1047 789 1104 τοῦ
812 1044 912 1121 θεοῦ,
939 1050 1047 1124 πειρῶ
1069 1038 1106 1104 τά

86 1141 115 1208 τ’
140 1144 224 1209 ἀλλα
247 1145 403 1226 γίνεσθαι
425 1152 485 1227 της
505 1145 627 1209 τούτου
649 1148 811 1229 προνοίας
836 1143 941 1227 άξιος,
971 1144 1106 1230 εὐσεβής

87 1250 135 1315 ών
157 1247 212 1327 καί
236 1249 364 1326 δίκαιος
390 1246 446 1314 καί
474 1247 643 1337 ἀνδρεῖος,
670 1247 726 1315 καί
753 1251 812 1327 τάς
839 1250 976 1329 ἐντολάς
1003 1251 1105 1317 αὐτοῦ
1116 1268 1136 1319 10

86 1353 142 1420 καί
168 1358 247 1433 τοὺς
274 1357 413 1440 νόμους,
441 1354 501 1432 οῦς
527 1356 583 1420 διά
606 1353 772 1433 Μωυσέος
795 1354 877 1440 ήμίν
899 1358 1017 1441 ἔδωκε,
1045 1359 1106 1443 φύ-

86 1467 183 1527 λαττε
202 1458 258 1527 καὶ
276 1473 346 1538 τοῖς
364 1462 478 1538 άλλοις
496 1461 540 1545 μή
559 1464 780 1547 παραβαίνειν
799 1461 960 1548 ἐπίτρεπε.
997 1463 1105 1546 <339>

86 1571 146 1634 τὸν
169 1565 206 1634 δὲ
224 1570 309 1657 ναὸν
329 1567 369 1633 δν
393 1563 446 1632 ἐπὶ
469 1576 531 1632 σοῦ
554 1569 790 1652 βασιλεύοντος
813 1569 918 1634 είλετο
942 1570 1032 1658 αύτῷ
1055 1593 1105 1652 γε-

86 1672 218 1758 νέσθαι,
241 1673 433 1740 σπούδασον
452 1672 637 1738 ἀποδοῦναι
655 1682 700 1761 τῷ
721 1680 803 1762 θεῷ,
825 1672 869 1758 μή
887 1672 1105 1757 καταπλαγείς

86 1782 123 1847 τὸ
156 1778 298 1867 μέγεθος
328 1780 489 1866 τούργου,
521 1777 598 1863 μηδ’
628 1779 863 1856 ἀποδειλιάσας
893 1781 978 1866 πρὸς
1011 1771 1139 1846 aiam&

86 1888 194 1954 πάντα
213 1887 276 1973 γάρ
291 1904 344 1953 σοι
358 1889 422 1972 πρὸ
437 1894 496 1970 τῆς
509 1884 653 1970 ἐμαυτοῦ
667 1891 822 1970 τελευτής
840 1885 953 1971 ἕτοιμα
968 1888 1105 1970 ποιήσω.
1144 1887 1145 1891 ’

86 1994 196 2078 <340>
219 1997 361 2078 γίνωσκε
384 1993 425 2076 δή
448 1999 576 2077 χρυσοῦ
598 1987 660 2075 μὲν
682 1993 747 2076 ήδη
770 1991 915 2057 τάλαντα
938 1998 1106 2074 συνειλεγ-

87 2097 170 2182 μένα
188 2101 301 2184 μύρια,
320 2095 399 2162 δέκα
418 2094 449 2161 δ’
471 2095 621 2182 ἀργύρου
638 2098 803 2183 μυριάδας
819 2098 1007 2163 ταλάντων·
1029 2104 1106 2183 χαλ-

86 2203 148 2267 κὸν
175 2200 212 2266 δὲ
239 2199 294 2266 καὶ
321 2203 460 2286 σίδηρον
483 2200 631 2286 ἀριθμοῦ
658 2206 797 2268 πλείονα
824 2201 1025 2269 συντέθεικα
1051 2201 1105 2269 καὶ

87 2305 195 2384 ξύλων
219 2301 256 2370 δέ
278 2301 334 2369 καί
356 2307 466 2369 λίθων
487 2304 574 2388 ύλην
596 2307 763 2389 ἄφθονον.
805 2310 890 2393 ἔχεις
913 2305 951 2374 δὲ
972 2307 1029 2375 καὶ
1048 2315 1139 2375 stoc-²⁰

85 2412 197 2493 τόμων
219 2410 344 2486 πολλάς
366 2409 530 2495 μυριάδας
551 2407 607 2475 καὶ
629 2406 802 2478 τεκτόνων.
848 2413 890 2479 άν
914 2413 954 2479 δέ
974 2440 1007 2480 τι
1029 2416 1104 2482 τού·

84 2539 156 2593 τοις
168 2512 325 2604 προσδέη,
344 2515 386 2582 σύ
399 2517 612 2603 προσθήσεις.
648 2516 828 2602 γινομένου
847 2523 974 2585 τοίνυν
983 2523 1104 2587 τούτου

86 2623 223 2710 ἀρεστὸς
245 2625 312 2690 ἔσει
334 2632 380 2713 τῷ
403 2631 488 2714 θεῷ,
511 2624 614 2691 αὐτὸν
638 2627 722 2710 έχων
744 2625 954 2711 προστάτην.’
995 2628 1105 2711 <341>

85 2733 432 2819 προσπαρεκελεύσατο
456 2728 493 2797 δὲ
514 2729 667 2809 καὶτοὺς
685 2733 925 2816 άρχονταςτοῦ
944 2737 1028 2798 λαοῦ
1047 2743 1106 2818 τῆς

86 2840 278 2922 οἰκοδομίας
299 2835 527 2921 συλλαβέσθαι
548 2846 594 2923 τῷ
617 2837 728 2918 παιδί,
754 2834 810 2901 καί
837 2837 972 2902 πάντων
996 2837 1141 2916 άδεείςεῠ

86 2947 185 3021 ὄντας
206 2954 275 3008 τῶν
296 2954 407 3007 κακῶν
429 2940 504 3026 περὶ
526 2941 589 3024 τήν
610 2949 671 3006 τοῦ
693 2947 778 3007 θεοῦ
797 2947 984 3028 θρησκείαν
1006 2943 1104 3030 ἀσχο-

86 3056 171 3115 λεῖν·
202 3048 437 3133 καρπώσεσθαι
464 3047 528 3131 γάρ
556 3045 678 3123 αύτούς
708 3045 783 3112 ἀντὶ
810 3050 939 3115 τούτων
966 3052 1105 3137 εἰρήνην

85 3153 140 3220 καὶ
164 3155 333 3238 εὐνομίαν,
356 3143 407 3229 οίς
429 3151 598 3236 ἀμείβεται
616 3155 695 3229 τοῦς
713 3152 860 3238 εύσεβείς
877 3152 932 3220 καὶ
952 3157 1105 3233 δικαίους

86 3262 104 3326 ὁ
136 3264 217 3338 θεὸς
248 3259 457 3345 ἀνθρώπους.
511 3257 629 3340 <342>
661 3258 941 3343 οἰκοδομηθέντος
973 3258 1011 3326 δέ
1042 3271 1103 3327 τοῦ

85 3376 169 3431 ναοῦ
191 3366 253 3448 τήν
275 3365 419 3448 κιβωτὸν
441 3362 545 3428 αὐτὸν
567 3360 757 3429 ἀποθέσθαι
780 3363 958 3450 προσέταξε
983 3365 1039 3432 καὶ
1061 3369 1101 3433 τά
1114 3383 1140 3425 ³⁰

157 3490 242 3551 §338
262 3511 295 3532 ει
316 3484 437 3540 1Paral.
452 3483 529 3538 XXII
545 3488 585 3538 12.

263 3734 390 3762 Α.
