2400 3840
556 153 679 205 ENATH
1058 154 1123 220 315

104 313 320 377 παντοδαπὸν
347 313 475 397 καρπὸν
502 324 572 390 τοῖς
604 314 727 400 ἱερεῦσι
757 313 813 378 καλ
841 318 1011 398 Λευίταις,
1043 314 1124 379 άπο-

103 418 213 500 θήκας
236 414 273 483 δὲ
295 416 351 482 καὶ
374 431 504 503 ταμιεῖα
522 420 651 485 τούτων
670 420 687 486 6
707 423 861 505 βασιλεὺς
879 421 1124 497 κατασκευάσας

104 523 230 613 ἑκάστῳ
259 523 403 609 διένειμε
429 536 497 590 τῶν
526 524 642 609 ἱερέων
668 524 724 592 καὶ
747 531 899 592 Λευιτῶν
926 525 980 592 καὶ
1008 525 1123 592 παισὶν

103 630 218 695 αὐτῶν
244 629 299 695 καὶ
322 630 467 714 γυναιξί·
495 630 550 697 καὶ
579 633 665 698 οὕτω
692 633 794 699 πάλιν
821 635 869 710 είς
896 633 957 716 τήν
982 633 1123 719 ἀρχαίαν

70 740 290 823 τθρησκείαν
313 735 514 822 ἐπανῆλθον.
561 740 678 822 <275>
701 748 804 804 ταῦτα
828 736 865 804 δὲ
887 741 947 805 τὸν
969 761 1123 825 προειρη-

103 841 208 928 μένον
231 846 355 929 τρόπον
379 843 396 909 ὁ
421 846 576 927 βασιλεὺς
597 846 883 929 καταστησάμενος
905 848 1051 929 πόλεμον
1074 845 1123 924 ἐξ-

101 951 222 1032 ήνεγκε
244 951 327 1034 πρὸς
349 953 428 1027 τοὺς
449 952 706 1034 Παλαιστινούς,
730 951 785 1016 καλ
807 954 945 1034 νικήσας
967 950 1123 1036 κατέσχεν

103 1056 233 1132 ἁπάσας
255 1056 313 1132 τὰς
336 1055 401 1121 ἀπὸ
422 1056 527 1138 Γάζης
549 1055 644 1141 μέχρι
664 1060 782 1141 Γίττης
803 1060 917 1135 πόλεις
936 1069 1004 1123 τῶν
1026 1064 1123 1125 πολε-

103 1165 200 1246 μίων.
246 1162 263 1228 ὁ
293 1159 329 1226 δὲ
357 1173 425 1228 τῶν
445 1160 628 1249 Ἀσσυρίων
656 1167 811 1248 βασιλεὺς
838 1162 969 1250 πέμψας
996 1166 1122 1249 ἠπείλει

59 1293 88 1330 10
102 1276 214 1333 πᾶσαν
243 1267 346 1333 αὐτοῦ
368 1266 654 1355 καταστρέψεσθαι
681 1269 743 1352 τήν
770 1269 890 1356 ἀρχήν,
918 1273 949 1335 εί
975 1271 1019 1356 μή
1044 1275 1122 1347 τοὺς

103 1376 242 1458 φόρους,
265 1373 324 1451 οὓς
348 1374 365 1440 6
388 1375 495 1461 πατήρ
519 1374 677 1440 αὐτοῦτὸ
696 1385 829 1462 πρῶτον
848 1373 961 1459 ἐτέλει,
983 1378 1123 1453 τούτους

103 1480 279 1546 άποὸώσει.
315 1481 424 1564 <276>
440 1479 582 1560 Ἐζεκίας
601 1479 631 1546 6’
655 1481 672 1547 6
692 1485 847 1565 βασιλεὺς
864 1492 933 1547 τῶν
950 1478 1012 1566 μὲν
1031 1482 1122 1547 άπει-

1069 1613 1122 1654 ιον

103 1692 256 1779 εὐσεβείᾳ
278 1690 333 1757 καὶ
356 1701 401 1781 τῷ
424 1695 579 1780 προφήτη
593 1690 723 1780 Ἠσαίᾳ,
746 1691 823 1777 παρ’
849 1689 889 1759 οὗ
912 1694 1008 1760 πάντ’
1031 1695 1122 1782 άκρι-

59 1821 86 1861 15
103 1804 172 1883 βῶς
194 1801 234 1864 τά
257 1796 408 1883 μέλλοντ’
436 1798 653 1864 ἐπυνθάνετο.

169 1903 225 1969 καὶ
248 1900 313 1970 ὧδε
336 1901 397 1989 μὲν
419 1904 500 1990 ήμίν
524 1904 576 1970 ἐπὶ
599 1914 659 1970 τοῦ
682 1907 847 1991 παρόντος
870 1902 968 1990 ἐχέτω
987 1907 1027 1970 τά
1045 1905 1120 1991 περὶ

101 2011 224 2076 τούτου
246 2020 307 2076 τοῦ
330 2011 504 2096 βασιλέως·
532 2012 641 2095 <2Π>
664 2011 931 2098 Σαλμανασάρης
956 2010 987 2076 6’
1013 2011 1031 2077 6
1054 2023 1121 2076 τῶν
1134 2015 1175 2078 14

99 2117 284 2203 Ἀσσυρίων
302 2119 468 2202 βασιλεύς,
487 2115 557 2183 ἐπεὶ
576 2114 723 2201 ήχχέλθη
744 2117 832 2205 αὐτῷ
851 2117 951 2183 ὁτῶν
961 2116 1122 2205 Ἰσραηλι-

101 2235 170 2289 τῶν
197 2225 353 2307 βασιλεὺς
377 2221 497 2307 Ὠσήης
523 2221 654 2309 πέμψας
679 2225 792 2309 κρύφα
821 2225 905 2311 πρὸς
932 2225 1034 2289 Σώαν
1061 2225 1121 2290 τὸν

56 2352 86 2392 20
101 2341 170 2395 τῶν
197 2332 393 2412 Αίχνπτίων
420 2329 571 2415 βασιλέα,
599 2337 800 2418 παρακαλῶν
827 2329 931 2396 αὐτὸν
958 2328 1012 2396 ἐπὶ
1039 2348 1121 2416 συμ-

102 2438 226 2521 μαχίαν
248 2435 310 2518 τήν
331 2436 413 2500 κατὰ
436 2437 568 2520 τούτου,
590 2435 815 2523 παροξυνθεὶς
833 2436 1048 2523 ἐστράτευσεν
1067 2436 1120 2502 ἐπὶ

100 2543 164 2626 τὴν
177 2542 373 2627 Σαμάρειαν
388 2544 452 2606 ἔτει
467 2539 596 2630 ἑβδόμῳ
611 2551 669 2626 τῆς
680 2541 802 2625 Ὠσήου
816 2547 995 2627 βασιλείας,
1010 2543 1119 2624 <278>

101 2649 143 2715 ού
163 2647 345 2733 δεξαμένου
364 2645 395 2712 6'
415 2648 518 2713 αὐτὸν
536 2655 597 2712 τοῦ
615 2647 777 2731 βασιλέως
795 2650 881 2713 ἔτεσι
898 2649 1120 2732 πολιορκήσας

100 2753 212 2840 τρισὶν
239 2744 306 2818 εἷλε
332 2754 415 2817 κατὰ
444 2752 565 2839 κράτος
591 2752 653 2835 τήν
676 2753 885 2839 Σαμάρειαν,
914 2753 1032 2816 ἔνατον
1059 2749 1121 2836 μὲν

57 2881 85 2920 25
101 2863 174 2937 έτος
189 2858 310 2941 Ὠσήου
333 2860 568 2942 βασιλεύοντος
586 2857 730 2943 ἕβδομον
754 2855 784 2923 6'
805 2856 947 2936 Ἐζεκίου
970 2867 1030 2923 τοῦ
1053 2869 1120 2923 τῶν

96 2965 370 3053 Ἱεροσολυμιτῶν
398 2963 573 3050 βασιλέως,
600 2961 656 3029 καὶ
684 2964 745 3048 τήν
764 2963 975 3051 Ἰσραηλιτῶν
1002 2963 1121 3048 ήχεμο-

100 3077 179 3138 νίαν
206 3074 313 3159 άρὸην
340 3071 498 3155 ήφάνισε,
525 3070 581 3137 καὶ
608 3072 716 3137 πάντα
743 3073 802 3137 τὸν
829 3072 911 3136 λαὸν
941 3070 1120 3159 μετῴκισεν

101 3179 150 3255 είς
172 3179 233 3262 τήν
256 3181 396 3262 Μηδίαν
418 3176 474 3242 καὶ
498 3179 661 3265 Περσίδα·
690 3177 726 3242 έν
749 3169 800 3255 οἷς
822 3174 877 3242 καὶ
900 3179 959 3242 τὸν
983 3175 1120 3260 βασιλέα

96 3283 222 3367 Ὠσήην
246 3287 351 3363 ζῶντα
375 3287 480 3369 ἔλαβε.
523 3286 632 3367 <279>
651 3282 706 3348 καὶ
725 3284 927 3368 μεταστήσας
947 3281 982 3347 ἐκ
999 3284 1120 3366 ταύτης

58 3410 86 3450 ³⁰
101 3390 174 3457 ἄλλ’
203 3394 287 3475 ἔθνη
315 3392 379 3459 άπὸ
404 3393 544 3457 Χούθου
571 3393 676 3457 τόπου
703 3393 794 3467 τινός
817 3386 902 3477 (ἔστι
929 3391 992 3477 γάρ
1021 3387 1058 3454 ἐν
1080 3399 1119 3476 τη

175 3516 256 3580 §275
276 3541 309 3560 ι·-
327 3513 428 3582 4Reg.
443 3513 534 3567 XVIII
548 3519 572 3568 8.
645 3515 726 3578 §277
747 3539 781 3558 =
799 3511 1037 3581 4Reg„xvu4.
