2400 3840
120 128 184 194 192
486 126 761 180 APXAIOAomz
828 133 834 145 ¹

117 291 225 357 πάντα
252 288 283 357 τ’
313 290 441 377 ἐφορᾶν
469 287 526 354 καὶ
552 285 649 354 πάντ’
679 287 829 371 ἀκούειν,
855 284 938 353 οὐδὲ
966 297 1034 354 νῦν
1062 290 1140 354 ὅπου

119 416 173 464 σοι
200 396 301 482 θέμις
322 399 426 464 οίκῦν
452 394 644 471 ἀπολείπεις
669 401 731 458 τοῦ
757 403 859 459 πᾶσιν
887 395 1027 478 ἔγγιστα
1051 389 1141 478 εἶναι,

119 510 247 589 μᾶλλον
270 501 301 568 δ’
324 500 449 591 ἑκάστῳ
472 499 528 567 καὶ
547 497 780 589 βουλευομένη)
798 497 854 566 καὶ
873 501 930 565 διά
948 503 1076 578 νυκτὸς
1094 498 1143 566 καὶ

119 609 243 696 ἡμέρας
267 606 453 694 συμπάρει.’
497 606 617 690 <109>
638 602 732 671 ταῦτ’
758 604 953 684 ἐπιθειάσας
979 609 1067 692 πρὸς
1089 609 1143 672 τὸν

119 718 215 800 θεόν,
239 714 446 801 ἀπέστρεψεν
468 714 517 790 είς
538 713 577 777 τὸ
599 716 731 795 Ιπλῆθος
751 715 830 789 τούς
847 714 982 797 λόγους,
1008 712 1164 799 έμφανί-ι

121 823 185 900 ζαν
207 829 269 886 τοῦ
292 827 377 885 θεοῦ
399 819 462 902 τὴν
485 818 630 902 δύναμιν
655 817 770 895 αὐτοῖς
796 815 852 884 καὶ
878 818 942 901 τὴν
968 822 1144 905 πρόνοιαν,

120 927 171 993 δτι
199 928 334 1010 Δαυίδη
365 933 412 1013 τῷ
438 921 539 1010 πατρὶ
570 920 648 1011 περὶ
678 935 748 990 τῦν
779 925 971 1009 μελλόντων
1006 926 1144 1008 ἅπαντα,

118 1033 235 1109 καθὼς
257 1028 465 1115 ἀποβέβηκεν
482 1031 546 1114 ἤδη
565 1033 606 1097 τὰ
623 1032 731 1098 πολλά
748 1029 804 1096 καὶ
822 1031 999 1114 γενήσεται
1023 1035 1066 1098 τά
1084 1035 1145 1099 λεί-

118 1158 240 1221 ποντα,
274 1137 448 1221 δηλώσειε,
479 1135 535 1202 καὶ
562 1137 608 1214 ὡς
634 1137 736 1214 αὐτὸς
763 1135 893 1220 ἐπιθείη
921 1137 1076 1224 τούνομα
1101 1147 1144 1226 τῷ

119 1244 216 1328 μήπω
240 1241 464 1332 γεγενημένῳ,
490 1241 546 1309 καὶ
568 1246 620 1320 τίς
641 1241 757 1328 μέλλοι
778 1249 955 1309 καλεῖσθαι
978 1249 1144 1330 προείποι,
1155 1261 1174 1303 1⁰

119 1349 230 1435 <110>
253 1349 310 1416 καὶ
329 1351 380 1417 ὅτι
397 1351 458 1416 τὸν
475 1352 560 1416 ναὸν
578 1343 676 1427 οὐιος
694 1351 906 1434 οἰκοδομήσει
924 1349 1030 1439 αὐτῷ,
1054 1356 1144 1436 βασι-

120 1459 197 1533 λεὺς
220 1458 301 1541 μετὰ
324 1457 386 1540 τὴν
403 1464 465 1522 τοῦ
482 1457 608 1542 πατρὸς
625 1456 783 1539 τελευτὴν
803 1458 991 1540 γενόμενος.
1031 1453 1143 1541 ἀβλέ-

118 1581 244 1637 ποντας
266 1563 350 1627 κατά
372 1562 434 1644 τὴν
455 1560 585 1627 ἐκείνου
603 1565 810 1649 προφητείαν
829 1560 960 1644 ἐπιτελῆ
980 1563 1044 1627 τὸν
1062 1564 1143 1628 θεὸν

55 1728 58 1734 .
119 1663 272 1748 εὐλογεῖν
304 1665 414 1750 ἠξίου,
445 1665 501 1733 καὶ
533 1666 610 1754 περὶ
641 1669 785 1752 μηδενὸς
816 1667 1065 1750 ἀπογινώσκειν
1097 1663 1142 1734 ὧν

118 1771 299 1857 ὑπέσχηται
312 1774 397 1859 πρὸς
410 1772 627 1860 εὐδαιμονίαν
643 1775 689 1852 ὡς
702 1773 764 1840 οὐκ
778 1771 948 1858 ἐσομένου,
967 1776 1142 1841 πιστεῦον-
1154 1788 1173 1833 1⁵

118 1903 178 1957 τας
201 1877 237 1945 έκ
258 1890 328 1945 τῶν
349 1880 413 1963 ἤδη
437 1879 662 1964 βλεπομένων.

83 2002 99 2050 3
134 2018 139 2028 ⁴
185 1985 296 2070 <111>
317 1993 422 2051 ταῦτα
440 1983 631 2071 διαλεχθεὶς
648 1987 733 2072 πρὸς
749 1986 809 2051 τὸν
827 1985 928 2070 ῦχλον
947 1985 965 2050 ὁ
985 1989 1141 2070 βασιλεὺς

36 2155 39 2172 ,
118 2090 230 2177 ἀφορᾷ
252 2091 355 2157 πάλιν
378 2094 426 2169 είς
443 2094 503 2157 τὸν
525 2095 620 2176 ναόν,
643 2090 699 2157 καὶ
717 2092 779 2174 τὴν
802 2089 914 2170 δεξιάν
937 2093 986 2169 είς
1005 2094 1068 2159 τὸν
1087 2093 1142 2158 οὐ-

118 2197 223 2279 ρανὸν
252 2194 407 2280 ἀνασχών
439 2196 566 2280 (ἔργοις
593 2195 670 2282 μέν’
701 2193 793 2263 εἶπεν
826 2195 878 2262 ὀὐ
906 2198 1055 2264 δυνατὸν
1084 2199 1141 2265 ἀν-

117 2300 268 2384 θρώποις
278 2284 467 2387 ’ἀποδοῦναι
481 2307 552 2388 θεοῦ
569 2303 669 2387 χάριν
686 2299 770 2388 ὑπὲρ
789 2299 837 2370 ὧν
857 2297 894 2368 εὐ
912 2307 1139 2371 πεπόνθασιν·
1152 2320 1173 2362 2⁰

117 2400 298 2489 ἀπροσδεὲς
315 2406 379 2492 γάρ
392 2408 430 2472 τὸ
448 2410 547 2470 θείον
567 2405 724 2473 ἁπάντων
742 2407 798 2474 καὶ
815 2418 967 2495 κρεῖττον
984 2412 1141 2495 τοιαύτης

115 2510 267 2597 ἀμοιβῆς·
300 2505 327 2601 93
356 2509 393 2578 δὲ
421 2522 489 2579 νῦν
516 2513 629 2581 ἄλλων
658 2512 749 2605 ζῴων
777 2515 843 2581 ὑπὸ
874 2524 951 2599 σοῦ,
984 2515 1139 2601 δέσποτα,

114 2622 300 2706 κρείττονες
327 2623 525 2707 γεγόναμεν,
553 2623 661 2714 τούτφ
688 2623 750 2705 τὴν
778 2622 842 2705 σὴν
865 2620 1017 2705 εὐλογελν
1040 2648 1139 2708 μεγα-

116 2729 266 2810 λειότητα
293 2726 449 2814 καὶπερὶ
477 2740 545 2796 τῶν
569 2727 791 2816 ὑπηργμένων
818 2729 866 2805 είς
893 2729 953 2794 τὸν
978 2727 1139 2817 ἡμέτερον

116 2829 210 2898 οἷκον
223 2830 278 2898 καὶ
293 2835 354 2899 τὸν
364 2832 529 2922 Ἑβραίων
541 2839 625 2902 λαὸν
640 2835 846 2921 εὐχαριστεῖν
860 2834 996 2918 ἀνάγκη.
1027 2837 1138 2920 <112>
1151 2849 1172 2892 ²⁵

118 2942 186 3003 τίνι
205 2939 267 3023 γὰρ
286 2940 375 3028 άλλη)
395 2946 523 3023 μᾶλλον
542 2942 725 3007 ίλάσασθαί
744 2964 780 3006 τε
802 2944 964 3025 μηνίοντα
984 2939 1041 3006 καὶ
1060 2944 1139 3009 δυσ-

119 3046 319 3127 μεναίνοντα
347 3043 468 3128 εὐμενῆ
488 3043 711 3129 (δεξιοῦσθαι)
735 3045 913 3132 ἀξιώτερόν
941 3045 1032 3113 έστιν
1059 3048 1139 3133 ἡμῖν

118 3148 274 3233 ἣφωνῇ,
301 3147 344 3231 ἣν
367 3146 400 3227 έξ
424 3147 527 3236 ’ἀέρος
552 3148 581 3215 τ’
608 3152 725 3237 ἔχομεν
751 3149 806 3217 καὶ
834 3151 879 3217 δι’
905 3152 1009 3220 αὐτοῦ
1027 3133 1139 3221 [πάλιν

119 3253 281 3320 ἀνιοῦσαν
305 3256 455 3341 οίδαμεν;
478 3256 577 3343 χάριν
599 3251 662 3322 οὐν
686 3259 773 3343 ἔχειν
797 3257 841 3324 δι’
863 3259 965 3344 αὐτῆς
986 3261 1137 3346 ὁμολογῶ

119 3375 172 3422 σοι
200 3363 279 3445 περί
303 3384 338 3426 τε
364 3372 426 3429 τοῦ
453 3364 577 3450 πατρὸς
602 3373 750 3449 πρῦτον,
782 3364 823 3430 ὃν
850 3364 883 3444 ἐξ
911 3366 1063 3450 ἀφανοῦς
1091 3371 1173 3445 sessu

190 3483 272 3542 §109
294 3483 822 3557 =3Reg.V1111432Para1.vla.
