2400 3840
506 151 632 202 ΟΓΔΟΗ
1015 150 1079 214 185

128 311 215 394 <76>
238 309 478 395 μεταπέμπεται
497 309 528 375 δ’
551 309 586 375 έκ
609 312 720 396 Τύρου
739 313 904 395 Σολομὼν
922 310 999 397 παρ’
1020 314 1116 380 λεί-4

59 416 169 500 ράμου
202 419 368 501 τεχνίτην,
401 420 570 504 Χείραμον
602 420 722 504 όνομα,
754 421 876 504 μητρὸς
908 414 969 502 μὲν
999 420 1079 484 ὄντα

59 524 314 605 Νεφθαλίτιδος
343 525 381 588 τὸ
409 523 507 606 γένος
534 523 585 608 (ἐκ
616 526 679 611 γάρ
712 527 833 607 ταύτης
864 525 990 610 ὑπῆρχε
1021 533 1080 607 τής

58 625 184 716 φυλῆς)
211 632 335 715 πατρὸς
363 628 393 694 δ’
426 630 569 717 Οὐρίου,
597 630 694 713 γένος
717 629 932 717 Ἰσραηλίτου.
983 625 1080 707 οὗτος

28 734 206 811 οάπαντος
228 732 290 819 μέν
313 735 539 822 ἐπιστημόνως
562 733 649 822 εἶχεν
671 740 782 824 ἔρχου,
805 738 946 821 μάλιστα
970 734 1007 801 δὲ
1029 761 1079 802 τε-

57 843 173 925 χνίτης
194 836 238 925 ήν
259 845 387 928 χρυσὸν
406 842 602 930 ἐργάζεσθαι
622 830 680 908 ’καὶ
699 846 848 930 άρηυρον
868 842 924 908 καὶ
942 846 1078 928 χαλκόν·

57 944 119 1031 ὑφ’
146 942 187 1011 οὗ
210 948 251 1030 δή
274 946 329 1012 καὶ
352 948 460 1014 πάντα
477 952 560 1014 κατά
578 950 640 1033 τὴν
658 959 719 1015 τοῦ
738 948 900 1033 βασιλέως
918 951 1079 1035 βούλησιν

57 1055 98 1118 τά
122 1051 197 1138 περὶ
220 1055 280 1119 τὸν
303 1057 387 1120 ναὸν
402 1054 648 1140 ’έξεμηχανήθη
693 1057 779 1139 <77>
805 1057 1021 1121 κατεσκεύασε
1045 1054 1075 1119 δ’

58 1160 77 1225 ὁ
107 1164 272 1246 Χείραμος
304 1157 401 1238 οὗτος
431 1160 486 1226 καὶ
520 1164 662 1240 στύλους
691 1163 753 1227 δύο
780 1168 923 1247 χαλκοῦς
951 1165 1079 1227 ἔσωθεν

14 1288 42 1329 10
57 1268 97 1331 τὸ
129 1267 233 1351 πάχος
264 1267 429 1353 τεττάρων
461 1269 643 1333 δακτύλων.
689 1263 732 1351 ἦν
764 1264 802 1332 δὲ
831 1270 868 1334 τὸ
900 1264 962 1352 μὲν
992 1268 1079 1345 ύύος

56 1383 130 1449 τοῖς
152 1376 262 1437 κίοσιν
285 1373 507 1439 ὀκτωκαίδεκα
529 1375 671 1457 πήχεων,
693 1372 714 1456 ή
738 1370 775 1438 δέ
797 1377 992 1460 περίμετρος
1016 1375 1078 1438 δώ-

59 1480 140 1542 δεκα
163 1480 345 1544 δακτύλων.
390 1482 558 1564 χωνευτὸν
576 1477 607 1544 δ’
630 1477 683 1564 ἐφ’
705 1477 841 1567 ἑκατέρη
858 1485 985 1564 κεφαλή
1007 1482 1078 1564 κρί-

57 1608 121 1649 νον
149 1585 349 1670 έφειστήκει,
376 1587 414 1651 τὸ
441 1585 528 1663 ὕφος
556 1583 609 1651 ἐπὶ
636 1583 734 1651 πέντε
761 1587 876 1669 πήχεις
904 1583 1078 1670 ἐγηγερμέ-

57 1711 133 1756 νον·
149 1685 175 1779 ᾧ
188 1689 370 1777 περιέκειτο
385 1692 522 1757 δίκτυον
536 1691 634 1777 ἐλάτη
648 1697 751 1776 χαλκῇ
765 1691 1078 1777 περιπεπλεγμένον,

12 1818 40 1859 15
56 1798 227 1862 καλύπτον
249 1799 290 1863 τά
311 1800 419 1884 κρίνα.
465 1798 553 1882 <78>
578 1798 700 1863 τούτου
715 1795 759 1861 ’δ’
785 1794 972 1883 ἀπήρτηντο
995 1799 1077 1862 κατά

58 1904 245 1989 διστοιχίαν
275 1901 331 1968 καὶ
364 1904 439 1988 ῥόαι
471 1905 647 1969 διακόσιαι.
695 1904 825 1968 τούτων
855 1914 923 1968 τῶν
954 1904 1078 1967 κιόνων
1110 1931 1113 1938 ·

56 2011 118 2074 τὸν
136 2006 198 2093 μὲν
216 2009 331 2096 ἕτερον
347 2011 430 2075 κατά
447 2010 510 2093 τήν
528 2008 641 2088 δεξιάν
659 2011 774 2091 ἔστησε
792 2017 852 2073 τοῦ
868 2012 1078 2094 προπυλαίου

57 2116 267 2201 παραστάδα,
295 2115 435 2194 καλέσας
458 2116 561 2182 αὐτὸν
581 2113 696 2201 Ἰαχίν,
719 2117 779 2180 τὸν
802 2112 834 2180 δ’
860 2114 974 2201 ἕτερον
995 2115 1077 2179 κατά

57 2221 120 2304 τήν
144 2221 332 2309 ἀριστεράν,
356 2223 522 2308 ὀνομάσας
545 2221 648 2299 αὐτὸν
671 2222 767 2301 Βοάζ.

12 2349 42 2389 εο
125 2327 221 2411 <79>
246 2326 408 2412 ἐχώνευσε
435 2326 473 2394 δὲ
499 2327 555 2395 καὶ
581 2330 753 2395 θάλατταν
780 2334 905 2413 χαλκήν
933 2330 981 2405 είς
1002 2326 1114 2411 ήμι-ό

58 2437 219 2520 σφαίριον
258 2433 550 2519 ἐσχηματισμένην.
605 2434 730 2519 ἐκλήθη
768 2431 805 2500 δέ
841 2437 879 2502 τὸ
915 2435 1076 2520 χαλκούρ-

56 2563 146 2623 γημα
167 2539 317 2604 θάλαττα
341 2539 457 2604 διὰτὸ
480 2539 636 2623 μέγεθος·
663 2534 707 2623 ήν
733 2539 797 2622 γάρ
825 2539 843 2604 ὁ
870 2540 992 2624 λουτὴρ
1015 2541 1077 2623 τήν

58 2645 237 2729 διάμετρον
262 2645 395 2730 πήχεων
427 2642 506 2708 δέκα
537 2642 592 2708 καὶ
625 2642 678 2709 ἐπὶ
709 2649 942 2708 παλαιστιαῖον
973 2645 1078 2728 πάχος

56 2748 312 2835 κεχωνευμένος.
357 2751 575 2836 ὑπερήρειστο
603 2745 641 2812 δὲ
666 2745 722 2813 καὶ
748 2749 831 2812 κατά
857 2751 895 2812 τὸ
923 2753 1076 2831 μεσαίτα-

14 2876 41 2917 2⁵
56 2881 117 2923 τον
143 2865 204 2921 τοῦ
231 2855 353 2934 κύτους
380 2859 499 2943 σπείρᾳ
524 2852 747 2941 περιαγομένη
775 2854 822 2930 είς
848 2852 958 2930 ἕλικας
984 2854 1075 2919 δέκα·

55 2964 153 3047 <80>
180 2958 223 3046 ήν
251 2959 289 3026 δὲ
320 2962 381 3045 τήν
412 2961 591 3047 διάμετρον
621 2960 758 3044 πήχεως.
807 2960 1077 3044 περιειστήκεσαν

56 3066 94 3133 δὲ
122 3066 198 3153 περὶ
226 3068 331 3151 αὐτὴν
358 3070 475 3153 μόσχοι
505 3069 633 3133 δώδεκα
662 3067 746 3153 πρὸς
774 3066 815 3131 τά
841 3068 981 3149 κλίματα
1008 3052 1076 3130 τῶν

55 3175 222 3259 τεττάρων
258 3173 390 3259 ἀνέμων
426 3173 684 3258 ἀποβλέποντες,
723 3170 804 3238 καθ’
843 3171 981 3237 ἕκαστον
1018 3170 1076 3234 αὐ-

56 3293 124 3346 τῶν
151 3292 254 3366 τρεῖς,
288 3283 351 3345 έσω
383 3281 424 3345 τδι
451 3280 591 3346 ὀπίσθια
617 3281 823 3363 νενευκότες,
856 3274 933 3343 ὥστ’
963 3277 1077 3354 αὐτοῖς

15 3405 42 3445 ³0
57 3386 313 3465 ἐπικαθέζεσθαι
343 3389 380 3452 τὸ
409 3385 642 3473 ἡμισφαίριον,
674 3387 755 3452 κατά
786 3384 997 3472 περιαχωχήν
1024 3385 1076 3448 έν-

129 3512 197 3572 §76
217 3533 249 3552 =
270 3512 286 3560 3
306 3507 375 3577 Reg.
395 3507 447 3562 VH
463 3513 504 3561 14.
