2400 3840
129 126 194 189 114
494 127 770 180 ΑΡΧΑΙΟΑΟΓΙΑΣ

129 285 167 354 δὲ
194 298 240 377 τῷ
267 291 367 374 τείχει
394 286 449 353 καὶ
477 290 621 363 πολλοὺς
648 285 810 365 ἀπολέσας
838 287 1050 374 ἀναχωρῆσαι
1074 294 1153 374 βια-

128 399 241 478 σθείη·
271 393 491 481 προστιθέναι
521 391 558 459 δὲ
589 395 735 476 τούτοις,
767 393 810 458 ἀν
842 395 1058 480 ὀργιζόμενον
1092 395 1148 460 ἐπ’

127 501 240 579 αὐτοῖς
263 499 423 586 βλέπωσι,
450 498 505 565 καί
532 501 592 566 τὸν
616 499 723 586 Οὐρία
746 499 906 566 θάνατον.
951 502 1062 584 <142>
1084 511 1149 566 τοῦ

126 605 163 673 δέ
185 606 346 693 βασιλέως
369 606 573 682 ἀκούσαντος
594 615 697 670 ταῦτα
720 607 809 692 παρὰ
831 617 899 672 τῶν
920 606 1071 690 ἀγγέλων
1088 606 1147 672 καὶ

125 715 391 801 δυσφοροῦντος,
419 713 606 796 φάσκοντος
632 711 791 798 ἁμαρτεῖν
823 713 945 790 αὐτοὺς
971 723 1016 802 τῷ
1042 703 1177 798 τείχειο,

123 824 387 908 προσβαλόντας,
415 818 494 885 δέον
516 819 699 903 ὑπονόμοις
720 817 776 885 καὶ
799 822 1031 904 μηχανήμασιν
1055 818 1146 886 ἑλεῖν

123 934 303 1014 πειρᾶσθαι
330 926 392 1010 τὴν
418 928 532 1009 πόλιν,
562 922 618 990 καὶ
649 922 741 990 ταῦτ’
773 927 908 1009 ἔχοντας
934 926 1145 1011 παράδειγμα

123 1034 183 1099 τὸν
202 1032 371 1109 Γεδεῶνος
389 1032 467 1097 υίὸν
486 1027 706 1115 Ἀβιμέλεχον,
729 1029 767 1106 ὃς
785 1029 856 1095 ἐπεὶ
874 1034 934 1096 τὸν
958 1031 994 1096 έν
1016 1033 1145 1116 Θήβαις

122 1138 253 1223 πύργον
276 1135 364 1203 ἑλεῖν
387 1135 541 1222 ἐβούλετο
564 1139 636 1223 βίη,
664 1134 803 1221 βληθεὶς
829 1137 895 1202 ὑπὸ
922 1138 1144 1223 πρεσβύτιδος

3 1290 25 1307 .-
122 1242 230 1334 πέτρῳ
253 1242 410 1310 κατέπεσε
432 1240 488 1310 καί
510 1242 743 1329 ἀνδρειότατος
766 1242 814 1308 ὢν
838 1244 894 1308 διὰ
923 1245 959 1309 τὸ
984 1241 1144 1331 δυσχερὲς
1158 1265 1184 1304 ιο

122 1359 181 1434 τῆς
213 1348 369 1435 ἐπιβολῆς
400 1350 544 1435 αἰσχρῶς
575 1347 757 1415 ἀπέθανεν·
798 1349 907 1433 <143>
943 1344 984 1414 οὗ
1016 1374 1143 1435 μνημο-

122 1457 285 1534 νεύοντας
305 1457 372 1526 ἔδει
395 1455 439 1540 μη
461 1452 638 1542 προσιέναι·
662 1464 711 1544 τῷ,
736 1458 836 1541 τείχει
863 1467 932 1521 τῶν
957 1460 1141 1541 πολεμίων·

122 1565 260 1646 ἀριστον
291 1563 355 1647 γὰρ
391 1560 547 1626 ἁπάντων
577 1571 646 1626 τῶν
678 1559 715 1626 έν
751 1560 883 1650 πολέμῳ
920 1562 1143 1648 πραχθέντων

121 1668 177 1735 καὶ
207 1673 317 1745 ναιλῶς
347 1665 402 1733 καὶ
433 1667 478 1745 ὡς
506 1664 624 1754 ἑτέρως
656 1666 694 1733 έν
720 1679 791 1745 τοῖς
822 1667 940 1745 αὐτοῖς
967 1670 1142 1748 κινδύνοις

122 1777 255 1863 μνήμην
282 1777 384 1860 ἔχειν,
417 1774 462 1851 όος
488 1775 529 1839 τδι
555 1770 617 1858 μὲν
644 1780 819 1859 μιμεῖσθαι
846 1775 886 1839 τδι
914 1771 952 1839 δὲ
979 1776 1141 1858 φυλάττε-
1156 1794 1180 1835 1⁵

122 1890 213 1949 σθαι.
268 1882 386 1966 <144>
419 1877 491 1946 έπεὶ
522 1878 553 1946 δ’
579 1880 685 1957 οὕτως
717 1881 826 1964 έχοντι
858 1877 913 1944 καὶ
943 1881 1002 1947 τὸν
1032 1882 1140 1968 Οὐρία

121 1991 272 2058 θάνατον
295 1987 462 2072 ἐδήλωσεν
485 1986 502 2053 ὁ
526 1986 676 2070 ἀγγελος,
700 1987 839 2052 παύεται
862 1983 924 2070 μέν
946 1996 1005 2071 τῆς
1027 1988 1140 2075 ὀργῆς,

118 2091 240 2182 Ἰωύβῳ
273 2092 304 2158 δ’
340 2092 511 2158 ἐκέλευσεν
549 2093 739 2159 ἀπελθόντα
773 2092 883 2174 λέγειν
920 2092 1140 2180 ἀνθρώπινον

122 2194 208 2263 εἶναι
230 2199 268 2263 τὸ
292 2200 509 2282 συμβεβηκός,
531 2196 587 2263 καὶ
609 2200 649 2263 τα
672 2208 731 2264 τοῦ
753 2194 902 2284 πολέμου
924 2201 1029 2284 φύσιν
1050 2204 1140 2286 ἔχειν

120 2303 279 2384 τοιαύτην
306 2302 389 2366 ὥστε
416 2298 496 2367 ποτέ
527 2299 589 2386 μέν
617 2315 688 2380 τοῖς
715 2303 881 2383 ἐναντίοις
913 2301 949 2371 εὐ
981 2308 1139 2393 πράττειν
1152 2327 1179 2368 20

121 2410 319 2492 συμβαίνειν
336 2403 407 2472 κατ’
429 2405 531 2471 αὐτὸν
549 2404 629 2473 ποτέ
648 2405 686 2473 δέ
702 2421 773 2487 τοῖς
791 2408 925 2496 ἑτέροις,
948 2412 1057 2497 <145>
1077 2425 1138 2481 τοῦ

120 2520 240 2581 λοιποῦ
259 2510 372 2597 μέντοι
390 2535 428 2595 χε
446 2525 603 2600 προνοεῖν
620 2523 680 2599 τῆς
699 2521 903 2602 πολιορκίας,
927 2519 1015 2596 ὅπως
1033 2518 1138 2604 μηδὲν

121 2623 170 2687 ἔτι
196 2623 359 2687 πταίσωσι
384 2619 455 2687 κατ’
481 2621 600 2704 αὐτην,
628 2623 712 2689 ἀλλά
738 2625 865 2710 χώμασι
892 2623 947 2690 καί
975 2639 1138 2710 μηχαναῖς

120 2726 440 2813 ἐκπολιορκήσαντας
461 2726 517 2794 καὶ
539 2728 854 2814 παραστησαμένους
876 2731 937 2813 την
958 2729 1019 2816 μέν
1036 2736 1137 2799 πόλιν

119 2835 342 2918 κατασκάψαι,
370 2836 497 2912 πάντας
525 2831 555 2899 δ’
582 2832 741 2901 ἀπολέσαι
768 2839 847 2912 τούς
875 2835 911 2900 έν
939 2839 1030 2924 αὐτη.
1080 2838 1136 2905 καὶ
1150 2855 1175 2899 οε

119 2936 223 3024 ὁμέν
245 2939 384 3021 ἄγγελος
410 2940 450 3005 τά
477 2940 542 3005 ὑπὸ
565 2949 625 3006 τοῦ
653 2941 814 3026 βασιλέως
841 2940 1058 3030 ἐντεταλμένα
1080 2971 1136 3013 κο-

119 3049 222 3130 μίζων
244 3046 328 3131 πρὸς
347 3041 484 3129 Ἰώαβον
509 3044 678 3131 ἠπείγετο,
705 3048 815 3130 <146>
838 3049 859 3133 ἡ
883 3047 920 3115 δέ
943 3061 1002 3116 τοῦ
1028 3053 1136 3139 Οὐρία

118 3151 204 3235 γυνη
231 3151 401 3237 Βεερσαβὴ
433 3151 493 3217 τὸν
521 3151 672 3218 θάνατου
699 3151 842 3240 τάνδρὸς
873 3156 1048 3241 πυθομένη
1081 3157 1135 3225 ἐπὶ

119 3259 243 3342 συχνάς
269 3256 372 3324 αὐτὸν
401 3255 525 3343 ἡμέρας
554 3256 730 3342 ἐπένθησε·
762 3260 979 3345 παυσαμένην
1006 3259 1043 3326 δέ
1076 3275 1136 3349 τῆς

118 3364 224 3446 λύπης
254 3360 310 3428 καὶ
341 3375 410 3430 τῶν
433 3361 484 3430 ἐπ’
511 3364 618 3453 Οὐρίᾳ
646 3365 814 3452 δακρύων,
847 3366 865 3432 ὁ
893 3371 1049 3451 βασιλεὺς
1081 3371 1134 3435 εὐ-
1147 3388 1175 3428 εο

190 3486 270 3547 §142
344 3491 360 3538 τ
379 3484 448 3556 fleg.
467 3484 563 3540 ΧΙιε.
