2400 3840
91 124 156 189 266
466 122 739 175 APXAIOAOI'IAz

89 287 204 364 αὐτοῖς
225 297 294 352 τῶν
315 283 523 369 ἡγουμένων,
545 283 592 360 ώς
613 283 762 366 ἀγωνιᾶν
784 279 849 366 μὲν
872 284 1037 367 ἅπαντας,
1060 285 1112 368 μά-

89 397 185 458 λιστα
209 390 246 458 δὲ
268 395 328 458 τὸν
347 389 520 476 Ἰώραμον,
546 387 603 455 καὶ
625 380 822 472 ὑπὸλάπης
850 388 1017 474 ἐκβοῆσαι
1038 394 1112 476 πρὸς

89 503 149 566 τὸν
176 502 274 582 θεόν,
306 501 341 561 τί
365 498 468 562 κακὸν
500 496 733 581 αἰτιασάμενος
764 494 888 577 άγάγοι
920 500 1005 573 τοῦς
1033 509 1112 582 τρεῖς

90 604 246 690 βασιλέας
268 601 409 689 ἀμαχητὶ
431 603 640 688 παραδώσων
663 602 785 679 αὐτοὺς
808 611 857 688 τῷ
881 612 954 666 τῶν
977 608 1113 688 Μωαβι-

88 723 157 777 τῶν
184 716 322 795 βασιλεῦ.
373 710 470 792 <33>
497 709 734 794 παρεθάρρυνε
762 705 794 773 δ’
824 707 932 774 αὐτὸν
963 709 983 774 ὁ
1010 707 1130 774 'Ima-⁵

90 817 197 901 φάτης
224 818 352 893 δίκαιος
379 818 442 899 ών,
468 813 525 881 καί
551 811 714 900 πέμγαντ’
742 816 790 890 εἰς
817 815 856 880 τὸ
886 818 1113 900 στρατόπεδον

90 923 240 989 ἐκέλευσε
272 932 399 1003 γνῶναι
432 926 467 985 εί
492 945 543 997 τις
575 919 689 997 αὐτοῖς
723 928 785 985 τοῦ
816 925 905 984 θεοῦ
941 925 1112 1005 προφήτης

89 1029 333 1111 συνελήλυθεν,
357 1027 413 1092 ἵνα
437 1025 481 1092 δι’
508 1026 611 1092 αὐτοῦ
634 1027 795 1111 μάθωμεν
820 1027 915 1112 παρά
942 1037 1010 1093 τοῦ
1036 1036 1111 1093 θεοῦ

87 1138 124 1198 τί
142 1131 299 1214 ποιητέον
320 1132 401 1218 ἡμίν
429 1133 528 1199 ἐστίν.
574 1131 705 1198 οἰκέτου
731 1130 772 1197 δέ
791 1155 885 1208 τινος
913 1144 987 1198 τών
1008 1132 1111 1218 Ἰωρά·

88 1262 153 1323 μου
176 1240 345 1322 φήσαντος
369 1240 454 1305 ἰδεῖν
478 1239 600 1304 αὐτόθι
628 1240 687 1304 τδν
707 1236 804 1302 Ἠλία
827 1240 991 1322 μαθητήν
1012 1239 1110 1307 Ἐλισ-
1121 1255 1139 1295 1⁰

88 1357 185 1411 σαῖον
213 1344 377 1429 Σαφάτου
404 1345 521 1427 παῖδα,
550 1329 642 1429 πρὸς
661 1344 765 1409 αὐτὸν
792 1343 933 1409 άπίασιν
963 1347 1002 1411 οἰ
1029 1357 1110 1431 τρεῖς

89 1456 237 1535 βασιλεῖς
252 1447 456 1535 Ἰωσαφάτου
474 1449 744 1535 παραινέσαντος.
789 1449 877 1532 <34>
897 1449 1063 1530 ἐλθόντες
1081 1450 1106 1518 δ’

88 1556 141 1621 ε’πί
159 1558 221 1640 τήν
235 1558 361 1640 σκηνήν
379 1566 440 1622 τοῦ
458 1557 633 1642 προφήτου
653 1555 762 1643 (ἔτυχε
779 1553 810 1620 δ’
828 1554 888 1633 ἔξω
908 1567 970 1641 τῆς
988 1581 1109 1643 παρεμ-

87 1666 189 1747 βολής
219 1660 493 1750 κατεσκηνωκώς)
524 1662 703 1748 ἐπηρώτων
734 1664 772 1728 τὸ
807 1660 932 1746 μέλλον
965 1662 1024 1729 ἐπὶ
1057 1674 1109 1748 τής

87 1778 252 1855 στρατιᾶς,
275 1770 417 1855 μάλιστα
440 1768 471 1833 δ’
497 1767 701 1855 δἸώραμος.
745 1777 807 1834 τοῦ
830 1764 868 1832 δὲ
890 1769 937 1850 μή
962 1771 1137 1855 διοχλείνό

88 1878 176 1966 αὐτῷ
204 1877 409 1965 φράσαντος,
436 1877 519 1943 άλλά
546 1878 630 1962 πρὸς
656 1879 734 1952 τοὺς
760 1882 821 1940 τοῦ
847 1877 975 1959 πατρὸς
1007 1878 1108 1943 αὐτοῦ

86 1982 142 2048 καὶ
165 1995 224 2068 της
246 1986 369 2070 μητρὸς
391 1985 539 2067 βαδίζειν
560 1985 733 2068 προφήτας
756 1976 856 2068 (εἶναι
875 1981 940 2063 γάρ
961 1981 1109 2060 ἐκείνους

88 2088 250 2175 ἀληθείς),
274 2090 379 2155 ἐδεῖτο
398 2091 622 2174 προφητεύειν
642 2086 698 2154 καὶ
716 2089 832 2166 σώζειν
850 2087 984 2164 αὐτούς.
1022 2091 1108 2172 <35>

87 2193 105 2255 ὃ
134 2192 165 2254 δ’
195 2194 318 2276 ὀμόσας
345 2196 405 2259 τὸν
432 2196 516 2259 θεὸν
544 2195 605 2258 οὐκ
632 2194 675 2258 άν
703 2194 926 2279 ἀποκριθῆναι
959 2195 1052 2283 αὐτῷ
1082 2197 1109 2259 εἰ

86 2296 129 2379 μή
156 2294 201 2358 δι’
224 2294 427 2380 Ἰωσάφατον
455 2299 550 2362 ὅσιον
577 2300 658 2363 όντα
685 2297 741 2364 καὶ
769 2300 914 2380 δίκαιον,
942 2297 1139 2382 άχθέντοςῦ

86 2401 269 2486 ἀνθρώπου
288 2404 379 2478 τινὸς
396 2402 537 2480 ψάλλειν
556 2403 684 2480 εἰδότος
703 2404 889 2490 (ἐπεζήτησε
908 2405 973 2489 γὰρ
991 2407 1106 2493 αὐτός)

85 2508 168 2593 πρὸς
195 2510 254 2574 τὸν
281 2508 451 2587 ψάλλοντα
479 2512 602 2588 ἔνθους
630 2514 807 2596 γενόμενος
833 2508 1014 2596 προσέταξε
1037 2524 1108 2590 τοῖς

85 2619 280 2698 βασιλεῦσιν
307 2616 344 2683 έν
371 2627 416 2706 τῷ
439 2618 605 2707 χειμάρρῳ
633 2620 778 2694 πολλοὺς
804 2615 919 2703 ὀρύξαι
946 2619 1107 2704 βόθρους.

84 2723 172 2806 <36>
195 2723 272 2788 οὔτε
294 2726 357 2810 γάρ
376 2724 502 2809 νέφους
521 2727 596 2791 οὔτε
615 2726 800 2808 πνεύματος
819 2722 1005 2806 γενομένου
1025 2722 1104 2790 οὔθ’

85 2829 184 2893 ὑετοῦ
207 2829 471 2916 καταρραγέντος
489 2833 632 2908 ὄψεσθαι
651 2832 760 2915 πλήρη
778 2831 837 2895 τὸν
854 2830 1006 2913 ποταμὸν
1024 2830 1106 2894 ῦδα-
1118 2844 1141 2886 2⁵

84 2957 157 3016 τος,
190 2936 235 3011 ώς
264 2935 306 3000 δν
337 2934 392 3000 καὶ
422 2939 482 3001 τὸν
512 2939 653 3020 στρατὸν
685 2936 739 3002 καὶ
769 2938 808 3001 τά
840 2936 1002 3017 ὑποζύγια
1034 2937 1106 3002 δια-

86 3047 239 3123 σωθήναι
270 3041 351 3124 ὑμίν
382 3041 446 3105 ἀπὸ
480 3050 541 3105 τοῦ
575 3052 688 3108 ποτοῦ.
744 3043 849 3109 (ἔσται
882 3040 913 3107 δ’
948 3043 1031 3126 ὑμῖν
1065 3043 1105 3108 οὐ

83 3156 181 3211 τοῦτο
205 3149 310 3230 μόνον
333 3146 421 3230 παρά
444 3154 504 3210 τοῦ
527 3152 628 3228 θεοῦ,
651 3148 734 3213 ἀλλὰ
757 3147 812 3213 καὶ
834 3150 1012 3235 κρατήσετε
1035 3161 1105 3214 τῶν

85 3250 217 3336 ἐχθρῶν
238 3249 294 3316 καὶ
316 3253 492 3327 καλλίστας
514 3249 569 3316 καὶ
592 3252 803 3338 ὀχυρωτάτας
822 3258 935 3332 πόλεις
953 3256 1104 3337 λήψεσθε

82 3367 150 3420 τῶν
173 3361 380 3441 Μωαβιτῶν,
402 3354 458 3421 καὶ
482 3354 605 3442 δένδρα
628 3353 689 3440 μὲν
711 3357 822 3421 αὐτῶν
844 3359 950 3445 ήμερα
972 3364 1102 3444 κόψετε,
1116 3375 1141 3416 ³⁰

155 3480 218 3540 ςεε
238 3503 271 3522 =
291 3478 501 3546 τωρωι.
