<?xml version="1.0" encoding="UTF-8"?>
<!DOCTYPE html PUBLIC "-//W3C//DTD XHTML 1.0 Transitional//EN"
    "http://www.w3.org/TR/xhtml1/DTD/xhtml1-transitional.dtd">
<html xmlns="http://www.w3.org/1999/xhtml" xml:lang="en" lang="en">
 <head>
  <title>
</title>
<meta http-equiv="Content-Type" content="text/html;charset=utf-8" />
  <meta name='ocr-system' content='tesseract 3.04.00' />
  <meta name='ocr-capabilities' content='ocr_page ocr_carea ocr_par ocr_line ocrx_word'/>
</head>
<body>
  <div class='ocr_page' id='page_1' title='image "./operaomniaposti03nabegoog_0192.png"; bbox 0 0 2400 3840; ppageno 0'>
   <div class='ocr_carea' id='block_1_1' title="bbox 120 146 764 212">
    <p class='ocr_par' dir='ltr' id='par_1_1' title="bbox 120 146 764 212">
     <span class='ocr_line' id='line_1_1' title="bbox 120 146 764 212; baseline -0.002 -11"><span class='ocrx_word' id='word_1_1' title='bbox 120 146 185 212; x_wconf 82' lang='lat'><em>140</em></span> <span class='ocrx_word' id='word_1_2' title='bbox 488 150 764 202; x_wconf 82' lang='grc' dir='ltr'>ΑΡΧΑΙΟΛΟΓΙΑΣ</span> 
     </span>
    </p>
   </div>
   <div class='ocr_carea' id='block_1_2' title="bbox 82 305 1178 3583">
    <p class='ocr_par' dir='ltr' id='par_1_2' title="bbox 119 305 1174 2520">
     <span class='ocr_line' id='line_1_2' title="bbox 120 305 1142 396; baseline -0.002 -20"><span class='ocrx_word' id='word_1_3' title='bbox 120 316 254 376; x_wconf 87' lang='grc' dir='ltr'><em>είκοσιν.</em></span> <span class='ocrx_word' id='word_1_4' title='bbox 305 312 415 396; x_wconf 78' lang='grc'>&lt;264&gt;</span> <span class='ocrx_word' id='word_1_5' title='bbox 438 305 531 377; x_wconf 88' lang='grc' dir='ltr'><em>οὗτοι</em></span> <span class='ocrx_word' id='word_1_6' title='bbox 555 313 618 376; x_wconf 85' lang='grc' dir='ltr'><em>σὺν</em></span> <span class='ocrx_word' id='word_1_7' title='bbox 640 319 680 396; x_wconf 73' lang='grc' dir='ltr'><em>τῇ</em></span> <span class='ocrx_word' id='word_1_8' title='bbox 705 308 815 375; x_wconf 93' lang='grc' dir='ltr'><em>Ἰούδα</em></span> <span class='ocrx_word' id='word_1_9' title='bbox 845 315 935 394; x_wconf 75' lang='grc' dir='ltr'><em>φυλή</em></span> <span class='ocrx_word' id='word_1_10' title='bbox 959 313 1020 374; x_wconf 89' lang='grc' dir='ltr'><em>τὸν</em></span> <span class='ocrx_word' id='word_1_11' title='bbox 1044 332 1142 375; x_wconf 90' lang='grc' dir='ltr'><em>ποτα-</em></span> 
     </span>
     <span class='ocr_line' id='line_1_3' title="bbox 120 415 1141 505; baseline -0.003 -22"><span class='ocrx_word' id='word_1_12' title='bbox 120 419 185 501; x_wconf 91' lang='grc' dir='ltr'><em>μὸν</em></span> <span class='ocrx_word' id='word_1_13' title='bbox 208 416 439 504; x_wconf 79' lang='grc' dir='ltr'><em>ἐγεφύρωσαν,</em></span> <span class='ocrx_word' id='word_1_14' title='bbox 467 419 523 482; x_wconf 78' lang='grc' dir='ltr'><em>ἵνα</em></span> <span class='ocrx_word' id='word_1_15' title='bbox 547 418 652 505; x_wconf 81' lang='grc' dir='ltr'><em>ῥᾷστα</em></span> <span class='ocrx_word' id='word_1_16' title='bbox 683 416 782 503; x_wconf 74' lang='grc' dir='ltr'><em>διαβῇ</em></span> <span class='ocrx_word' id='word_1_17' title='bbox 805 418 978 500; x_wconf 80' lang='grc' dir='ltr'><em>μετὰτῶν</em></span> <span class='ocrx_word' id='word_1_18' title='bbox 1002 415 1141 481; x_wconf 86' lang='grc' dir='ltr'><em>ίδίωνδ</em></span> 
     </span>
     <span class='ocr_line' id='line_1_4' title="bbox 120 518 1141 610; baseline -0.002 -21"><span class='ocrx_word' id='word_1_19' title='bbox 120 526 285 608; x_wconf 87' lang='grc' dir='ltr'><em>βασιλεύς.</em></span> <span class='ocrx_word' id='word_1_20' title='bbox 333 525 377 601; x_wconf 82' lang='grc' dir='ltr'><em>ὡς</em></span> <span class='ocrx_word' id='word_1_21' title='bbox 409 521 441 588; x_wconf 90' lang='grc' dir='ltr'><em>δ’</em></span> <span class='ocrx_word' id='word_1_22' title='bbox 470 518 551 607; x_wconf 88' lang='grc' dir='ltr'><em>ήκεν</em></span> <span class='ocrx_word' id='word_1_23' title='bbox 582 520 636 588; x_wconf 84' lang='grc' dir='ltr'><em>ε’πὶ</em></span> <span class='ocrx_word' id='word_1_24' title='bbox 667 524 728 589; x_wconf 89' lang='grc' dir='ltr'><em>τὸν</em></span> <span class='ocrx_word' id='word_1_25' title='bbox 752 521 939 610; x_wconf 78' lang='grc' dir='ltr'><em>Ἰορδάνην,</em></span> <span class='ocrx_word' id='word_1_26' title='bbox 971 521 1141 604; x_wconf 90' lang='grc' dir='ltr'><em>ήσπάσατο</em></span> 
     </span>
     <span class='ocr_line' id='line_1_5' title="bbox 120 625 1142 717; baseline -0.004 -21"><span class='ocrx_word' id='word_1_27' title='bbox 120 627 182 715; x_wconf 70' lang='grc' dir='ltr'><em>μὲν</em></span> <span class='ocrx_word' id='word_1_28' title='bbox 205 631 309 697; x_wconf 90' lang='grc' dir='ltr'><em>αὐτὸν</em></span> <span class='ocrx_word' id='word_1_29' title='bbox 330 629 351 714; x_wconf 78' lang='grc' dir='ltr'><em>ἡ</em></span> <span class='ocrx_word' id='word_1_30' title='bbox 372 628 481 695; x_wconf 91' lang='grc' dir='ltr'><em>Ἰούδα</em></span> <span class='ocrx_word' id='word_1_31' title='bbox 504 631 605 714; x_wconf 92' lang='grc' dir='ltr'><em>φυλή,</em></span> <span class='ocrx_word' id='word_1_32' title='bbox 628 630 827 717; x_wconf 85' lang='grc' dir='ltr'><em>προσπεσὼν</em></span> <span class='ocrx_word' id='word_1_33' title='bbox 850 626 881 693; x_wconf 87' lang='grc' dir='ltr'><em>δ’</em></span> <span class='ocrx_word' id='word_1_34' title='bbox 903 627 1069 712; x_wconf 90' lang='grc' dir='ltr'><em>ἀναβάντιΙ</em></span> <span class='ocrx_word' id='word_1_35' title='bbox 1092 625 1142 694; x_wconf 80' lang='grc' dir='ltr'><em>ἐπὶ</em></span> 
     </span>
     <span class='ocr_line' id='line_1_6' title="bbox 119 734 1163 822; baseline -0.006 -19"><span class='ocrx_word' id='word_1_36' title='bbox 119 737 181 820; x_wconf 87' lang='grc' dir='ltr'><em>τήν</em></span> <span class='ocrx_word' id='word_1_37' title='bbox 204 736 355 822; x_wconf 90' lang='grc' dir='ltr'><em>γέφυραν</em></span> <span class='ocrx_word' id='word_1_38' title='bbox 378 739 508 821; x_wconf 88' lang='grc' dir='ltr'><em>Σεμεεί,</em></span> <span class='ocrx_word' id='word_1_39' title='bbox 533 734 590 800; x_wconf 84' lang='grc' dir='ltr'><em>καὶ</em></span> <span class='ocrx_word' id='word_1_40' title='bbox 612 737 786 821; x_wconf 84' lang='grc' dir='ltr'><em>κατασχὼν</em></span> <span class='ocrx_word' id='word_1_41' title='bbox 809 736 913 802; x_wconf 84' lang='grc' dir='ltr'><em>αὐτοῦ</em></span> <span class='ocrx_word' id='word_1_42' title='bbox 934 736 1014 812; x_wconf 81' lang='grc' dir='ltr'><em>τοὺς</em></span> <span class='ocrx_word' id='word_1_43' title='bbox 1036 735 1163 811; x_wconf 80' lang='grc' dir='ltr'><em>πόδαςε</em></span> 
     </span>
     <span class='ocr_line' id='line_1_7' title="bbox 121 839 1141 928; baseline -0.001 -20"><span class='ocrx_word' id='word_1_44' title='bbox 121 842 227 909; x_wconf 85' lang='grc' dir='ltr'><em>ἐδεῖτο</em></span> <span class='ocrx_word' id='word_1_45' title='bbox 256 853 448 926; x_wconf 82' lang='grc' dir='ltr'><em>συγγνῶναι</em></span> <span class='ocrx_word' id='word_1_46' title='bbox 479 840 555 928; x_wconf 80' lang='grc' dir='ltr'><em>περὶ</em></span> <span class='ocrx_word' id='word_1_47' title='bbox 584 853 653 908; x_wconf 83' lang='grc' dir='ltr'><em>τῶν</em></span> <span class='ocrx_word' id='word_1_48' title='bbox 680 844 728 920; x_wconf 88' lang='grc' dir='ltr'><em>είς</em></span> <span class='ocrx_word' id='word_1_49' title='bbox 755 843 859 907; x_wconf 87' lang='grc' dir='ltr'><em>αὐτὸν</em></span> <span class='ocrx_word' id='word_1_50' title='bbox 889 839 1141 927; x_wconf 79' lang='grc' dir='ltr'><em>ἡμαρτημένων,</em></span> 
     </span>
     <span class='ocr_line' id='line_1_8' title="bbox 120 943 1141 1036; baseline -0.003 -22"><span class='ocrx_word' id='word_1_51' title='bbox 120 947 175 1014; x_wconf 78' lang='grc' dir='ltr'><em>καὶ</em></span> <span class='ocrx_word' id='word_1_52' title='bbox 195 949 239 1033; x_wconf 84' lang='grc' dir='ltr'><em>μὴ</em></span> <span class='ocrx_word' id='word_1_53' title='bbox 258 946 417 1030; x_wconf 90' lang='grc' dir='ltr'><em>γενέσθαι</em></span> <span class='ocrx_word' id='word_1_54' title='bbox 435 948 556 1034; x_wconf 87' lang='grc' dir='ltr'><em>πικρὸν</em></span> <span class='ocrx_word' id='word_1_55' title='bbox 575 947 674 1036; x_wconf 74' lang='grc' dir='ltr'><em>αύτῷ,</em></span> <span class='ocrx_word' id='word_1_56' title='bbox 694 943 777 1032; x_wconf 70' lang='grc' dir='ltr'><em>μηδὲ</em></span> <span class='ocrx_word' id='word_1_57' title='bbox 796 956 894 1014; x_wconf 84' lang='grc' dir='ltr'><em>τοῦτο</em></span> <span class='ocrx_word' id='word_1_58' title='bbox 912 956 1049 1033; x_wconf 78' lang='grc' dir='ltr'><em>πρῶτον</em></span> <span class='ocrx_word' id='word_1_59' title='bbox 1063 946 1141 1030; x_wconf 83' lang='grc' dir='ltr'><em>ἡγή-</em></span> 
     </span>
     <span class='ocr_line' id='line_1_9' title="bbox 121 1052 1140 1142; baseline -0.004 -22"><span class='ocrx_word' id='word_1_60' title='bbox 121 1061 245 1120; x_wconf 91' lang='grc' dir='ltr'><em>σασθαι</em></span> <span class='ocrx_word' id='word_1_61' title='bbox 263 1054 325 1138; x_wconf 85' lang='grc' dir='ltr'><em>τήν</em></span> <span class='ocrx_word' id='word_1_62' title='bbox 338 1058 502 1141; x_wconf 84' lang='grc' dir='ltr'><em>τιμωρίαν</em></span> <span class='ocrx_word' id='word_1_63' title='bbox 520 1052 557 1118; x_wconf 86' lang='grc' dir='ltr'><em>ἐν</em></span> <span class='ocrx_word' id='word_1_64' title='bbox 577 1052 709 1142; x_wconf 79' lang='grc' dir='ltr'><em>ἐξουσία</em></span> <span class='ocrx_word' id='word_1_65' title='bbox 727 1056 919 1138; x_wconf 88' lang='grc' dir='ltr'><em>γενόμενον,</em></span> <span class='ocrx_word' id='word_1_66' title='bbox 938 1057 1140 1136; x_wconf 90' lang='grc' dir='ltr'><em>λογίσασθαι</em></span> 
     </span>
     <span class='ocr_line' id='line_1_10' title="bbox 121 1151 1140 1247; baseline 0 -21"><span class='ocrx_word' id='word_1_67' title='bbox 121 1158 152 1226; x_wconf 84' lang='grc' dir='ltr'><em>δ’</em></span> <span class='ocrx_word' id='word_1_68' title='bbox 178 1161 229 1226; x_wconf 81' lang='grc' dir='ltr'><em>ὅτι</em></span> <span class='ocrx_word' id='word_1_69' title='bbox 251 1160 307 1226; x_wconf 81' lang='grc' dir='ltr'><em>καὶ</em></span> <span class='ocrx_word' id='word_1_70' title='bbox 330 1163 534 1247; x_wconf 79' lang='grc' dir='ltr'><em>μετανοήσας</em></span> <span class='ocrx_word' id='word_1_71' title='bbox 557 1158 610 1246; x_wconf 88' lang='grc' dir='ltr'><em>ἐφ’</em></span> <span class='ocrx_word' id='word_1_72' title='bbox 637 1151 688 1238; x_wconf 76' lang='grc' dir='ltr'><em>οἷς</em></span> <span class='ocrx_word' id='word_1_73' title='bbox 717 1159 844 1244; x_wconf 81' lang='grc' dir='ltr'><em>ἐσφάλη</em></span> <span class='ocrx_word' id='word_1_74' title='bbox 872 1171 1003 1247; x_wconf 84' lang='grc' dir='ltr'><em>πρῶτος</em></span> <span class='ocrx_word' id='word_1_75' title='bbox 1027 1160 1140 1226; x_wconf 79' lang='grc' dir='ltr'><em>ἐλθεῖν</em></span> 
     </span>
     <span class='ocr_line' id='line_1_11' title="bbox 120 1264 1172 1354; baseline -0.006 -22"><span class='ocrx_word' id='word_1_76' title='bbox 120 1269 204 1354; x_wconf 89' lang='grc' dir='ltr'><em>πρὸς</em></span> <span class='ocrx_word' id='word_1_77' title='bbox 231 1266 337 1333; x_wconf 83' lang='grc' dir='ltr'><em>αὐτὸν</em></span> <span class='ocrx_word' id='word_1_78' title='bbox 362 1270 508 1334; x_wconf 76' lang='grc' dir='ltr'><em>ἔσπευσε.</em></span> <span class='ocrx_word' id='word_1_79' title='bbox 555 1268 664 1351; x_wconf 79' lang='lat'>&lt;265&gt;</span> <span class='ocrx_word' id='word_1_80' title='bbox 692 1277 795 1332; x_wconf 84' lang='grc' dir='ltr'><em>ταῦτα</em></span> <span class='ocrx_word' id='word_1_81' title='bbox 823 1264 854 1331; x_wconf 91' lang='grc' dir='ltr'><em>δ’</em></span> <span class='ocrx_word' id='word_1_82' title='bbox 881 1266 1139 1350; x_wconf 79' lang='grc' dir='ltr'><em>ἀντιβολοῦντος</em></span> <span class='ocrx_word' id='word_1_83' title='bbox 1152 1288 1172 1328; x_wconf 82' lang='grc' dir='ltr'><em>ιο</em></span> 
     </span>
     <span class='ocr_line' id='line_1_12' title="bbox 121 1367 1140 1461; baseline -0.001 -21"><span class='ocrx_word' id='word_1_84' title='bbox 121 1375 225 1440; x_wconf 85' lang='grc' dir='ltr'><em>αύτοῦ</em></span> <span class='ocrx_word' id='word_1_85' title='bbox 247 1374 302 1440; x_wconf 81' lang='grc' dir='ltr'><em>καὶ</em></span> <span class='ocrx_word' id='word_1_86' title='bbox 325 1373 561 1461; x_wconf 76' lang='grc' dir='ltr'><em>οἰκτιζομένου,</em></span> <span class='ocrx_word' id='word_1_87' title='bbox 584 1367 774 1457; x_wconf 84' lang='grc' dir='ltr'><em>Ἀβεσσαῖος</em></span> <span class='ocrx_word' id='word_1_88' title='bbox 796 1373 814 1439; x_wconf 91' lang='grc' dir='ltr'>ὁ</span> <span class='ocrx_word' id='word_1_89' title='bbox 835 1371 972 1457; x_wconf 79' lang='grc' dir='ltr'><em>Ἰωάβου</em></span> <span class='ocrx_word' id='word_1_90' title='bbox 995 1372 1140 1459; x_wconf 86' lang='grc' dir='ltr'><em>ἀδελφός</em></span> 
     </span>
     <span class='ocr_line' id='line_1_13' title="bbox 120 1476 1140 1564; baseline 0 -18"><span class='ocrx_word' id='word_1_91' title='bbox 120 1482 194 1546; x_wconf 58' lang='grc' dir='ltr'><em>*διδ</em></span> <span class='ocrx_word' id='word_1_92' title='bbox 216 1491 315 1547; x_wconf 88' lang='grc' dir='ltr'><em>τοῦτο</em></span> <span class='ocrx_word' id='word_1_93' title='bbox 339 1476 416 1547; x_wconf 82' lang='grc' dir='ltr'><em>οὖν’</em></span> <span class='ocrx_word' id='word_1_94' title='bbox 442 1476 533 1546; x_wconf 75' lang='grc' dir='ltr'><em>εἶπεν</em></span> <span class='ocrx_word' id='word_1_95' title='bbox 557 1480 614 1545; x_wconf 62' lang='grc' dir='ltr'><em>ὀύ</em></span> <span class='ocrx_word' id='word_1_96' title='bbox 641 1478 795 1563; x_wconf 80' lang='grc' dir='ltr'><em>τεθνήξει</em></span> <span class='ocrx_word' id='word_1_97' title='bbox 818 1481 1060 1564; x_wconf 78' lang='grc' dir='ltr'><em>βλασφημήσας</em></span> <span class='ocrx_word' id='word_1_98' title='bbox 1082 1483 1140 1546; x_wconf 89' lang='grc' dir='ltr'><em>τὸν</em></span> 
     </span>
     <span class='ocr_line' id='line_1_14' title="bbox 120 1584 1137 1670; baseline 0 -18"><span class='ocrx_word' id='word_1_99' title='bbox 120 1588 185 1653; x_wconf 85' lang='grc' dir='ltr'><em>ὑπὸ</em></span> <span class='ocrx_word' id='word_1_100' title='bbox 209 1596 269 1652; x_wconf 90' lang='grc' dir='ltr'><em>τοῦ</em></span> <span class='ocrx_word' id='word_1_101' title='bbox 292 1595 377 1653; x_wconf 86' lang='grc' dir='ltr'><em>θεοῦ</em></span> <span class='ocrx_word' id='word_1_102' title='bbox 404 1584 653 1653; x_wconf 76' lang='grc' dir='ltr'><em>κατασταθέντα</em></span> <span class='ocrx_word' id='word_1_103' title='bbox 681 1585 901 1670; x_wconf 84' lang='grc' dir='ltr'><em>βασιλεύειν;’</em></span> <span class='ocrx_word' id='word_1_104' title='bbox 929 1588 1083 1670; x_wconf 82' lang='grc' dir='ltr'><em>Δαυίδης</em></span> <span class='ocrx_word' id='word_1_105' title='bbox 1107 1585 1137 1652; x_wconf 87' lang='grc' dir='ltr'><em>δ’</em></span> 
     </span>
     <span class='ocr_line' id='line_1_15' title="bbox 121 1687 1139 1780; baseline 0 -22"><span class='ocrx_word' id='word_1_106' title='bbox 121 1690 335 1780; x_wconf 83' lang='grc' dir='ltr'><em>ἐπιστραφεὶς</em></span> <span class='ocrx_word' id='word_1_107' title='bbox 356 1695 440 1780; x_wconf 88' lang='grc' dir='ltr'><em>πρὸς</em></span> <span class='ocrx_word' id='word_1_108' title='bbox 462 1693 565 1759; x_wconf 87' lang='grc' dir='ltr'><em>αὐτόν</em></span> <span class='ocrx_word' id='word_1_109' title='bbox 588 1691 646 1758; x_wconf 60' lang='grc' dir='ltr'><em>ὀύ</em></span> <span class='ocrx_word' id='word_1_110' title='bbox 668 1690 852 1758; x_wconf 69' lang='grc' dir='ltr'><em>παύσεσθ’</em></span> <span class='ocrx_word' id='word_1_111' title='bbox 868 1687 978 1776; x_wconf 78' lang='grc' dir='ltr'><em>εἶπεν,</em></span> <span class='ocrx_word' id='word_1_112' title='bbox 1001 1690 1044 1760; x_wconf 57' lang='grc' dir='ltr'><em>εὦ</em></span> <span class='ocrx_word' id='word_1_113' title='bbox 1072 1699 1139 1758; x_wconf 89' lang='grc' dir='ltr'><em>Σα-</em></span> 
     </span>
     <span class='ocr_line' id='line_1_16' title="bbox 121 1797 1173 1886; baseline -0.005 -21"><span class='ocrx_word' id='word_1_114' title='bbox 121 1803 237 1886; x_wconf 88' lang='grc' dir='ltr'><em>ρουίας</em></span> <span class='ocrx_word' id='word_1_115' title='bbox 254 1802 383 1880; x_wconf 86' lang='grc' dir='ltr'><em>παῖδες;</em></span> <span class='ocrx_word' id='word_1_116' title='bbox 407 1799 451 1886; x_wconf 82' lang='grc' dir='ltr'><em>μή</em></span> <span class='ocrx_word' id='word_1_117' title='bbox 469 1801 624 1883; x_wconf 80' lang='grc' dir='ltr'><em>κινήσητε</em></span> <span class='ocrx_word' id='word_1_118' title='bbox 641 1798 744 1865; x_wconf 90' lang='grc' dir='ltr'><em>πάλιν</em></span> <span class='ocrx_word' id='word_1_119' title='bbox 761 1797 842 1882; x_wconf 77' lang='grc' dir='ltr'><em>ἡμῖν</em></span> <span class='ocrx_word' id='word_1_120' title='bbox 859 1800 977 1876; x_wconf 84' lang='grc' dir='ltr'><em>καινάς</em></span> <span class='ocrx_word' id='word_1_121' title='bbox 996 1799 1050 1865; x_wconf 78' lang='grc' dir='ltr'><em>ἐπὶ</em></span> <span class='ocrx_word' id='word_1_122' title='bbox 1069 1813 1139 1878; x_wconf 91' lang='grc' dir='ltr'><em>ταῖς</em></span> <span class='ocrx_word' id='word_1_123' title='bbox 1152 1819 1173 1860; x_wconf 83' lang='lat'><em>1⁵</em></span> 
     </span>
     <span class='ocr_line' id='line_1_17' title="bbox 120 1904 1139 1994; baseline 0.002 -23"><span class='ocrx_word' id='word_1_124' title='bbox 120 1908 266 1993; x_wconf 81' lang='grc' dir='ltr'><em>πρώταις</em></span> <span class='ocrx_word' id='word_1_125' title='bbox 288 1908 432 1994; x_wconf 78' lang='grc' dir='ltr'><em>ταραχάς</em></span> <span class='ocrx_word' id='word_1_126' title='bbox 454 1904 509 1972; x_wconf 80' lang='grc' dir='ltr'><em>καὶ</em></span> <span class='ocrx_word' id='word_1_127' title='bbox 533 1907 672 1983; x_wconf 89' lang='grc' dir='ltr'><em>στάσεις.</em></span> <span class='ocrx_word' id='word_1_128' title='bbox 717 1905 827 1989; x_wconf 75' lang='grc'>&lt;266&gt;</span> <span class='ocrx_word' id='word_1_129' title='bbox 850 1905 891 1970; x_wconf 91' lang='grc' dir='ltr'><em>ού</em></span> <span class='ocrx_word' id='word_1_130' title='bbox 916 1907 979 1990; x_wconf 88' lang='grc' dir='ltr'><em>γὰρ</em></span> <span class='ocrx_word' id='word_1_131' title='bbox 1004 1906 1139 1989; x_wconf 79' lang='grc' dir='ltr'><em>ἀγνοεῖν</em></span> 
     </span>
     <span class='ocr_line' id='line_1_18' title="bbox 119 2012 1138 2099; baseline -0.001 -21"><span class='ocrx_word' id='word_1_132' title='bbox 119 2014 206 2098; x_wconf 79' lang='grc' dir='ltr'><em>ὑμᾶς</em></span> <span class='ocrx_word' id='word_1_133' title='bbox 236 2021 403 2099; x_wconf 88' lang='grc' dir='ltr'><em>προσήκεν</em></span> <span class='ocrx_word' id='word_1_134' title='bbox 435 2013 486 2078; x_wconf 87' lang='grc' dir='ltr'><em>ότι</em></span> <span class='ocrx_word' id='word_1_135' title='bbox 523 2013 666 2098; x_wconf 88' lang='grc' dir='ltr'><em>σήμερον</em></span> <span class='ocrx_word' id='word_1_136' title='bbox 698 2012 839 2097; x_wconf 78' lang='grc' dir='ltr'><em>άρχομαι</em></span> <span class='ocrx_word' id='word_1_137' title='bbox 871 2021 929 2094; x_wconf 80' lang='grc' dir='ltr'><em>τῆς</em></span> <span class='ocrx_word' id='word_1_138' title='bbox 961 2016 1138 2096; x_wconf 85' lang='grc' dir='ltr'><em>βασιλείας.</em></span> 
     </span>
     <span class='ocr_line' id='line_1_19' title="bbox 121 2117 1139 2205; baseline 0.002 -23"><span class='ocrx_word' id='word_1_139' title='bbox 121 2120 174 2182; x_wconf 89' lang='grc' dir='ltr'><em>διὸ</em></span> <span class='ocrx_word' id='word_1_140' title='bbox 192 2128 295 2183; x_wconf 82' lang='grc' dir='ltr'><em>πᾶσιν</em></span> <span class='ocrx_word' id='word_1_141' title='bbox 313 2117 449 2201; x_wconf 82' lang='grc' dir='ltr'><em>ἀφιέναι</em></span> <span class='ocrx_word' id='word_1_142' title='bbox 467 2119 525 2193; x_wconf 85' lang='grc' dir='ltr'><em>τάς</em></span> <span class='ocrx_word' id='word_1_143' title='bbox 537 2118 690 2194; x_wconf 87' lang='grc' dir='ltr'><em>κολάσεις</em></span> <span class='ocrx_word' id='word_1_144' title='bbox 705 2128 776 2194; x_wconf 91' lang='grc' dir='ltr'><em>τοῖς</em></span> <span class='ocrx_word' id='word_1_145' title='bbox 795 2117 995 2203; x_wconf 88' lang='grc' dir='ltr'><em>ἀσεβήσασιν</em></span> <span class='ocrx_word' id='word_1_146' title='bbox 1016 2122 1139 2205; x_wconf 84' lang='grc' dir='ltr'><em>όμνυμι</em></span> 
     </span>
     <span class='ocr_line' id='line_1_20' title="bbox 119 2219 1138 2309; baseline 0.005 -23"><span class='ocrx_word' id='word_1_147' title='bbox 119 2220 175 2287; x_wconf 82' lang='grc' dir='ltr'><em>καὶ</em></span> <span class='ocrx_word' id='word_1_148' title='bbox 198 2219 316 2304; x_wconf 83' lang='grc' dir='ltr'><em>μηδενὶ</em></span> <span class='ocrx_word' id='word_1_149' title='bbox 338 2233 407 2286; x_wconf 83' lang='grc' dir='ltr'><em>τῶν</em></span> <span class='ocrx_word' id='word_1_150' title='bbox 429 2222 645 2306; x_wconf 88' lang='grc' dir='ltr'><em>ἁμαρτόντων</em></span> <span class='ocrx_word' id='word_1_151' title='bbox 668 2221 867 2300; x_wconf 83' lang='grc' dir='ltr'><em>ἐπεξελθεῖν.</em></span> <span class='ocrx_word' id='word_1_152' title='bbox 906 2226 947 2288; x_wconf 92' lang='grc' dir='ltr'><em>σύ</em></span> <span class='ocrx_word' id='word_1_153' title='bbox 970 2225 1017 2289; x_wconf 85' lang='grc' dir='ltr'><em>τε’</em></span> <span class='ocrx_word' id='word_1_154' title='bbox 1037 2223 1138 2309; x_wconf 83' lang='grc' dir='ltr'><em>εἶπεν,</em></span> 
     </span>
     <span class='ocr_line' id='line_1_21' title="bbox 120 2323 1174 2415; baseline 0.006 -23"><span class='ocrx_word' id='word_1_155' title='bbox 120 2323 158 2392; x_wconf 65' lang='grc' dir='ltr'><em>“ὦ</em></span> <span class='ocrx_word' id='word_1_156' title='bbox 173 2329 304 2411; x_wconf 87' lang='grc' dir='ltr'><em>Σεμεεί,</em></span> <span class='ocrx_word' id='word_1_157' title='bbox 327 2326 459 2411; x_wconf 89' lang='grc' dir='ltr'><em>θάρρει,</em></span> <span class='ocrx_word' id='word_1_158' title='bbox 481 2325 537 2391; x_wconf 86' lang='grc' dir='ltr'><em>καὶ</em></span> <span class='ocrx_word' id='word_1_159' title='bbox 556 2329 668 2413; x_wconf 80' lang='grc' dir='ltr'><em>δείσῃς</em></span> <span class='ocrx_word' id='word_1_160' title='bbox 690 2324 795 2412; x_wconf 72' lang='grc' dir='ltr'><em>μηδὲν</em></span> <span class='ocrx_word' id='word_1_161' title='bbox 813 2330 858 2406; x_wconf 82' lang='grc' dir='ltr'><em>ὡς</em></span> <span class='ocrx_word' id='word_1_162' title='bbox 874 2330 1138 2415; x_wconf 79' lang='grc' dir='ltr'><em>τεθνηξόμενοςῖ</em></span> <span class='ocrx_word' id='word_1_163' title='bbox 1151 2350 1174 2391; x_wconf 79' lang='lat'><em>2⁰</em></span> 
     </span>
     <span class='ocr_line' id='line_1_22' title="bbox 120 2428 759 2520; baseline 0.002 -23"><span class='ocrx_word' id='word_1_164' title='bbox 120 2432 137 2498; x_wconf 88' lang='grc' dir='ltr'><strong><em>ὃ</em></strong></span> <span class='ocrx_word' id='word_1_165' title='bbox 162 2428 199 2497; x_wconf 76' lang='grc' dir='ltr'><em>δὲ</em></span> <span class='ocrx_word' id='word_1_166' title='bbox 221 2433 455 2517; x_wconf 89' lang='grc' dir='ltr'><em>προσκυνήσας</em></span> <span class='ocrx_word' id='word_1_167' title='bbox 477 2431 581 2499; x_wconf 84' lang='grc' dir='ltr'><em>αὐτὸν</em></span> <span class='ocrx_word' id='word_1_168' title='bbox 602 2442 759 2520; x_wconf 81' lang='grc' dir='ltr'><em>προῆγεν.</em></span> 
     </span>
    </p>

    <p class='ocr_par' dir='ltr' id='par_1_3' title="bbox 82 2537 1178 3484">
     <span class='ocr_line' id='line_1_23' title="bbox 82 2537 1140 2630; baseline 0.004 -22"><span class='ocrx_word' id='word_1_169' title='bbox 82 2559 98 2608; x_wconf 85' lang='grc'>3</span> <span class='ocrx_word' id='word_1_170' title='bbox 185 2538 295 2624; x_wconf 77' lang='lat'>&lt;267&gt;</span> <span class='ocrx_word' id='word_1_171' title='bbox 323 2538 489 2623; x_wconf 88' lang='grc' dir='ltr'><em>ἀπήντησε</em></span> <span class='ocrx_word' id='word_1_172' title='bbox 516 2537 547 2603; x_wconf 86' lang='grc' dir='ltr'><em>δ’</em></span> <span class='ocrx_word' id='word_1_173' title='bbox 571 2540 667 2630; x_wconf 77' lang='grc' dir='ltr'><em>αύτῷ</em></span> <span class='ocrx_word' id='word_1_174' title='bbox 698 2539 753 2607; x_wconf 84' lang='grc' dir='ltr'><em>καὶ</em></span> <span class='ocrx_word' id='word_1_175' title='bbox 784 2543 802 2609; x_wconf 88' lang='grc' dir='ltr'><strong>ὁ</strong></span> <span class='ocrx_word' id='word_1_176' title='bbox 830 2545 989 2609; x_wconf 92' lang='grc' dir='ltr'><em>Σαούλου</em></span> <span class='ocrx_word' id='word_1_177' title='bbox 1016 2547 1140 2623; x_wconf 82' lang='grc' dir='ltr'><em>υἱωνὸς</em></span> 
     </span>
     <span class='ocr_line' id='line_1_24' title="bbox 117 2647 1140 2736; baseline 0.004 -23"><span class='ocrx_word' id='word_1_178' title='bbox 117 2650 381 2733; x_wconf 83' lang='grc' dir='ltr'><em>Μεμφίβοσθος,</em></span> <span class='ocrx_word' id='word_1_179' title='bbox 413 2647 568 2735; x_wconf 80' lang='grc' dir='ltr'><em>ῥυπαράν</em></span> <span class='ocrx_word' id='word_1_180' title='bbox 599 2673 634 2715; x_wconf 90' lang='grc' dir='ltr'><em>τε</em></span> <span class='ocrx_word' id='word_1_181' title='bbox 662 2650 724 2734; x_wconf 85' lang='grc' dir='ltr'><em>τήν</em></span> <span class='ocrx_word' id='word_1_182' title='bbox 756 2648 880 2734; x_wconf 86' lang='grc' dir='ltr'><em>ἐσθήτα</em></span> <span class='ocrx_word' id='word_1_183' title='bbox 912 2655 1140 2736; x_wconf 88' lang='grc' dir='ltr'><em>περικείμενος</em></span> 
     </span>
     <span class='ocr_line' id='line_1_25' title="bbox 117 2752 1140 2841; baseline 0.003 -21"><span class='ocrx_word' id='word_1_184' title='bbox 117 2752 173 2820; x_wconf 85' lang='grc' dir='ltr'><em>καὶ</em></span> <span class='ocrx_word' id='word_1_185' title='bbox 195 2756 257 2839; x_wconf 87' lang='grc' dir='ltr'><em>τήν</em></span> <span class='ocrx_word' id='word_1_186' title='bbox 278 2758 385 2841; x_wconf 91' lang='grc' dir='ltr'><em>κόμην</em></span> <span class='ocrx_word' id='word_1_187' title='bbox 404 2758 548 2838; x_wconf 88' lang='grc' dir='ltr'><em>βαθεῖαν</em></span> <span class='ocrx_word' id='word_1_188' title='bbox 569 2753 624 2821; x_wconf 82' lang='grc' dir='ltr'><em>καὶ</em></span> <span class='ocrx_word' id='word_1_189' title='bbox 642 2755 912 2840; x_wconf 81' lang='grc' dir='ltr'><em>κατημελημένην</em></span> <span class='ocrx_word' id='word_1_190' title='bbox 936 2758 1033 2840; x_wconf 78' lang='grc' dir='ltr'><em>ἔχων·</em></span> <span class='ocrx_word' id='word_1_191' title='bbox 1058 2760 1140 2841; x_wconf 80' lang='grc' dir='ltr'><em>μετὰ</em></span> 
     </span>
     <span class='ocr_line' id='line_1_26' title="bbox 118 2860 1177 2948; baseline -0.003 -22"><span class='ocrx_word' id='word_1_192' title='bbox 118 2862 182 2947; x_wconf 86' lang='grc' dir='ltr'><em>γάρ</em></span> <span class='ocrx_word' id='word_1_193' title='bbox 205 2862 266 2944; x_wconf 87' lang='grc' dir='ltr'><em>τήν</em></span> <span class='ocrx_word' id='word_1_194' title='bbox 289 2863 444 2926; x_wconf 90' lang='grc' dir='ltr'><em>Δαυίδου</em></span> <span class='ocrx_word' id='word_1_195' title='bbox 474 2862 588 2946; x_wconf 85' lang='grc' dir='ltr'><em>φυγὴν</em></span> <span class='ocrx_word' id='word_1_196' title='bbox 614 2860 684 2927; x_wconf 79' lang='grc' dir='ltr'><em>οὔτ’</em></span> <span class='ocrx_word' id='word_1_197' title='bbox 711 2862 905 2947; x_wconf 85' lang='grc' dir='ltr'><em>ἀπεκείρατο</em></span> <span class='ocrx_word' id='word_1_198' title='bbox 929 2864 1139 2948; x_wconf 91' lang='grc' dir='ltr'><em>λυπούμενος</em></span> <span class='ocrx_word' id='word_1_199' title='bbox 1152 2882 1177 2924; x_wconf 80' lang='grc' dir='ltr'><em>ει</em></span> 
     </span>
     <span class='ocr_line' id='line_1_27' title="bbox 119 2965 1139 3056; baseline 0.002 -23"><span class='ocrx_word' id='word_1_200' title='bbox 119 2965 190 3033; x_wconf 79' lang='grc' dir='ltr'><em>οὔτ’</em></span> <span class='ocrx_word' id='word_1_201' title='bbox 212 2966 356 3051; x_wconf 78' lang='grc' dir='ltr'><em>ἐκάθηρε</em></span> <span class='ocrx_word' id='word_1_202' title='bbox 377 2966 439 3049; x_wconf 84' lang='grc' dir='ltr'><em>τήν</em></span> <span class='ocrx_word' id='word_1_203' title='bbox 460 2965 596 3050; x_wconf 87' lang='grc' dir='ltr'><em>ἐσθήτα,</em></span> <span class='ocrx_word' id='word_1_204' title='bbox 618 2971 817 3053; x_wconf 90' lang='grc' dir='ltr'><em>κατακρίνας</em></span> <span class='ocrx_word' id='word_1_205' title='bbox 835 2969 939 3034; x_wconf 86' lang='grc' dir='ltr'><em>αὑτοῦ</em></span> <span class='ocrx_word' id='word_1_206' title='bbox 960 2973 1139 3056; x_wconf 85' lang='grc' dir='ltr'><em>συμφοράν</em></span> 
     </span>
     <span class='ocr_line' id='line_1_28' title="bbox 118 3068 1139 3161; baseline 0.004 -23"><span class='ocrx_word' id='word_1_207' title='bbox 118 3075 243 3155; x_wconf 91' lang='grc' dir='ltr'><em>ταύτην</em></span> <span class='ocrx_word' id='word_1_208' title='bbox 266 3068 319 3137; x_wconf 85' lang='grc' dir='ltr'><em>ἐπὶ</em></span> <span class='ocrx_word' id='word_1_209' title='bbox 342 3079 382 3156; x_wconf 73' lang='grc' dir='ltr'><em>τῇ</em></span> <span class='ocrx_word' id='word_1_210' title='bbox 404 3080 466 3136; x_wconf 84' lang='grc' dir='ltr'><em>τοῦ</em></span> <span class='ocrx_word' id='word_1_211' title='bbox 488 3071 650 3155; x_wconf 82' lang='grc' dir='ltr'><em>βασιλέως</em></span> <span class='ocrx_word' id='word_1_212' title='bbox 671 3078 845 3161; x_wconf 77' lang='grc' dir='ltr'><em>μεταβολή.</em></span> <span class='ocrx_word' id='word_1_213' title='bbox 883 3074 1076 3160; x_wconf 88' lang='grc' dir='ltr'><em>διεβέβλητο</em></span> <span class='ocrx_word' id='word_1_214' title='bbox 1101 3074 1139 3143; x_wconf 76' lang='grc' dir='ltr'><em>δὲ</em></span> 
     </span>
     <span class='ocr_line' id='line_1_29' title="bbox 118 3177 1138 3271; baseline 0.004 -27"><span class='ocrx_word' id='word_1_215' title='bbox 118 3180 174 3246; x_wconf 82' lang='grc' dir='ltr'><em>καὶ</em></span> <span class='ocrx_word' id='word_1_216' title='bbox 188 3181 252 3246; x_wconf 84' lang='grc' dir='ltr'><em>ὑπὸ</em></span> <span class='ocrx_word' id='word_1_217' title='bbox 267 3187 327 3244; x_wconf 90' lang='grc' dir='ltr'><em>τοῦ</em></span> <span class='ocrx_word' id='word_1_218' title='bbox 342 3177 522 3271; x_wconf 88' lang='grc' dir='ltr'><em>ἐπιτρόπου</em></span> <span class='ocrx_word' id='word_1_219' title='bbox 536 3183 625 3263; x_wconf 85' lang='grc' dir='ltr'><em>Σιβᾶ</em></span> <span class='ocrx_word' id='word_1_220' title='bbox 638 3181 722 3266; x_wconf 88' lang='grc' dir='ltr'><em>πρὸς</em></span> <span class='ocrx_word' id='word_1_221' title='bbox 740 3181 843 3247; x_wconf 85' lang='grc' dir='ltr'><em>αὐτὸν</em></span> <span class='ocrx_word' id='word_1_222' title='bbox 862 3181 993 3259; x_wconf 90' lang='grc' dir='ltr'><em>ἀδίκως.</em></span> <span class='ocrx_word' id='word_1_223' title='bbox 1027 3182 1138 3267; x_wconf 78' lang='lat'>&lt;268&gt;</span> 
     </span>
     <span class='ocr_line' id='line_1_30' title="bbox 119 3281 1137 3375; baseline 0.004 -24"><span class='ocrx_word' id='word_1_224' title='bbox 119 3284 354 3372; x_wconf 86' lang='grc' dir='ltr'><em>ἀσπασαμένου</em></span> <span class='ocrx_word' id='word_1_225' title='bbox 386 3282 417 3349; x_wconf 86' lang='grc' dir='ltr'><em>δ’</em></span> <span class='ocrx_word' id='word_1_226' title='bbox 448 3284 551 3351; x_wconf 83' lang='grc' dir='ltr'><em>αὐτοῦ</em></span> <span class='ocrx_word' id='word_1_227' title='bbox 583 3281 638 3351; x_wconf 78' lang='grc' dir='ltr'><em>καὶ</em></span> <span class='ocrx_word' id='word_1_228' title='bbox 674 3288 980 3373; x_wconf 88' lang='grc' dir='ltr'><em>προσκυνήσαντος,</em></span> <span class='ocrx_word' id='word_1_229' title='bbox 1016 3289 1137 3375; x_wconf 84' lang='grc' dir='ltr'><em>ήρξατο</em></span> 
     </span>
     <span class='ocr_line' id='line_1_31' title="bbox 118 3389 1178 3484; baseline -0.002 -27"><span class='ocrx_word' id='word_1_230' title='bbox 118 3393 355 3458; x_wconf 87' lang='grc' dir='ltr'><em>πυνθάνεσθαι</em></span> <span class='ocrx_word' id='word_1_231' title='bbox 381 3396 417 3458; x_wconf 91' lang='grc' dir='ltr'><em>τί</em></span> <span class='ocrx_word' id='word_1_232' title='bbox 437 3389 553 3476; x_wconf 86' lang='grc' dir='ltr'><em>δήποτ’</em></span> <span class='ocrx_word' id='word_1_233' title='bbox 579 3392 620 3458; x_wconf 87' lang='grc' dir='ltr'><em>οὐ</em></span> <span class='ocrx_word' id='word_1_234' title='bbox 643 3392 849 3478; x_wconf 76' lang='grc' dir='ltr'><em>συνεξῆλθεν</em></span> <span class='ocrx_word' id='word_1_235' title='bbox 879 3394 1045 3484; x_wconf 78' lang='grc' dir='ltr'><em>αὐτῷκαὶ</em></span> <span class='ocrx_word' id='word_1_236' title='bbox 1068 3415 1178 3463; x_wconf 83' lang='grc' dir='ltr'><em>κοι-εο</em></span> 
     </span>
    </p>

    <p class='ocr_par' dir='ltr' id='par_1_4' title="bbox 190 3513 592 3583">
     <span class='ocr_line' id='line_1_32' title="bbox 190 3513 592 3583; baseline 0.012 -18"><span class='ocrx_word' id='word_1_237' title='bbox 190 3517 276 3579; x_wconf 74' lang='grc' dir='ltr'><em>ςεεε</em></span> <span class='ocrx_word' id='word_1_238' title='bbox 296 3539 329 3558; x_wconf 86' lang='grc'><em>--</em></span> <span class='ocrx_word' id='word_1_239' title='bbox 349 3519 364 3568; x_wconf 79' lang='grc' dir='ltr'><em>ν</em></span> <span class='ocrx_word' id='word_1_240' title='bbox 383 3514 452 3583; x_wconf 56' lang='lat' dir='ltr'><em>Bag.</em></span> <span class='ocrx_word' id='word_1_241' title='bbox 471 3513 536 3568; x_wconf 80' lang='lat' dir='ltr'><em>XIX</em></span> <span class='ocrx_word' id='word_1_242' title='bbox 552 3520 592 3570; x_wconf 84' lang='lat'><em>16.</em></span> 
     </span>
    </p>
   </div>
   <div class='ocr_carea' id='block_1_3' title="bbox 0 0 1208 3840">
    <p class='ocr_par' dir='ltr' id='par_1_5' title="bbox 0 0 1208 3840">
     <span class='ocr_line' id='line_1_33' title="bbox 0 0 1208 3840; baseline 0 0"><span class='ocrx_word' id='word_1_243' title='bbox 0 0 1208 3840; x_wconf 95' lang='lat' dir='ltr'><em> </em></span> 
     </span>
    </p>
   </div>
  </div>
 </body>
</html>
