2400 3840
405 805 571 872 ΒΙΒΛΟΣ
594 807 756 874 ΕΝΑΤΗ.

136 966 210 1048 <1>
239 963 427 1055 Ἰωσαφότρι
458 963 496 1032 δὲ
524 977 569 1055 τῷ
599 971 731 1051 βασιλεῖ
755 972 1011 1061 παραγενομένῳ
1035 975 1125 1051 Ιείς1

61 1071 276 1157 Ἱεροσόλυμα
298 1071 363 1137 ἀπὸ
386 1081 445 1156 τῆς
467 1077 654 1158 συμμαχίας
679 1083 739 1158 τῆς
760 1078 844 1161 πρὸς
860 1075 1006 1162 ’Ἀχαβον
1028 1081 1088 1145 τὸν

63 1189 134 1242 τῶν
149 1174 362 1262 Ἰσραηλιτῶν
380 1178 528 1264 βασιλέα,
546 1179 590 1263 ἣν
601 1178 731 1270 ,Ἀδύδςο
750 1191 796 1269 τῷ
815 1185 940 1269 Σύρων
958 1189 1087 1269 βασιλεῖ

63 1290 266 1367 πολεμοῦντι
294 1287 473 1371 παρασχὼν
499 1282 557 1372 ἦν,
585 1287 630 1365 ὡς
657 1286 913 1374 προειρήκαμεν,
939 1288 1044 1372 Ἰηοῦς
1067 1291 1085 1356 ὁ

30 1396 239 1478 επροφήτης
261 1396 436 1480 συντυχὼν
462 1391 575 1480 ᾐτιᾶτο
603 1403 662 1478 τῆς
683 1395 767 1481 πρὸς
785 1393 931 1479 ’Ἁχαβον
959 1412 1085 1480 συμμα-

63 1504 154 1584 χίας,
187 1504 371 1588 ἄνθρωπον
402 1501 504 1585 ἀσεβῆ
535 1497 592 1566 καὶ
623 1503 784 1586 πονηρόν·
817 1503 876 1566 τὸν
908 1497 971 1587 γὰρ
1001 1505 1085 1568 θεὸν

62 1607 175 1690 ἀηδῶς
207 1605 269 1692 μὲν
299 1606 353 1673 έπὶ
384 1609 491 1696 τούτῳ
524 1607 736 1690 διατεθῆναι,
768 1606 937 1693 ῥύσασθαι
969 1607 1084 1692 μέντοι

61 1717 181 1799 καίπερ
204 1714 424 1800 ἡμαρτηκότα,
446 1714 504 1778 διὰ
525 1713 587 1795 τὴν
610 1713 701 1777 ίδίαν
724 1712 827 1777 αὐτοῦ
851 1715 956 1796 φύσιν
978 1708 1084 1778 οὖσαν

61 1820 212 1904 ἀγαθήν,
240 1824 353 1904 ἔλεγεν
381 1820 415 1885 έκ
437 1831 506 1885 τῶν
532 1822 709 1902 πολεμίων.
754 1819 819 1901 <2>
847 1816 902 1883 καὶ
924 1822 999 1896 τότε
1021 1815 1083 1902 μὲν

13 1950 43 1989 10
61 1925 113 1991 ἐπ’
144 1929 352 2013 εὐχαριστίας
379 1924 434 1992 καὶ
462 1928 586 2002 θυσίας
613 1923 631 1991 δ
659 1927 815 2009 βασιλεὺς
842 1923 994 2011 τρέπεται
1021 1933 1082 1990 τοῦ
1193 1969 1195 1988 .

60 2040 158 2116 θεοῦ,
177 2036 258 2117 μετδι
276 2043 380 2100 ταῦτα
398 2029 436 2098 δὲ
453 2033 705 2117 περιερχόμενος
723 2032 785 2114 τὴν
801 2034 915 2118 χώραν
930 2027 1084 2117 ὥρμησεν

60 2138 99 2203 ἐν
122 2141 232 2229 κύκλῳ
255 2149 381 2223 πᾶσαν,
409 2140 489 2222 ὅσης
512 2138 611 2215 αὐτὸς
634 2136 770 2224 ἐπῆρχε,
797 2142 857 2204 τὸν
884 2141 967 2205 λαὸν
994 2137 1080 2203 έκδι-

62 2245 200 2311 δύσκειν
224 2247 264 2311 τό
286 2269 322 2311 τε
344 2247 469 2330 νόμιμα
491 2246 531 2310 τδι
554 2245 610 2309 διδι
632 2244 798 2323 Μωυσέος
824 2246 889 2310 ὑπὸ
912 2253 973 2309 τοῦ
996 2250 1081 2309 θεοῦ

60 2349 208 2415 δοθέντα
230 2349 286 2416 καὶ
309 2352 370 2434 τὴν
393 2349 565 2435 εὐσέβειαν
589 2350 651 2433 τὴν
673 2352 758 2435 πρὸς
779 2351 892 2416 αύτόν.
937 2352 1002 2434 <3>
1024 2348 1079 2415 καὶ

14 2477 42 2518 15
60 2457 217 2534 δικαστὰς
236 2455 412 2534 ἀποδείξας
429 2455 467 2520 έν
485 2453 603 2540 ἑκάστῃ
621 2458 716 2521 πόλει
728 2467 798 2521 τῶν
811 2456 1079 2539 βασιλευομένων

57 2561 117 2628 ὑπ’
143 2564 262 2646 αὐτοῦ,
289 2562 551 2648 παρεκελεύσατο
577 2561 720 2644 μηδενὸς
747 2561 853 2636 οὕτως
878 2561 923 2636 ὡς
945 2570 1005 2625 τοῦ
1029 2560 1079 2624 δι-

56 2673 156 2735 καίου
178 2667 450 2754 προνοουμένους
472 2670 601 2755 κρίνειν
622 2677 693 2743 τοϊς
716 2668 837 2750 όχλοις,
860 2667 941 2750 μήτε
959 2667 1078 2751 δώρων

56 2773 132 2859 μήτ’
163 2774 347 2860 ἀξιώματος
375 2785 443 2840 τῶν
470 2773 507 2838 έν
533 2773 678 2859 ὑπεροχῇ
711 2773 768 2837 διὰ
799 2777 946 2837 πλοῦτον
972 2770 993 2853 ἣ
1021 2771 1078 2836 διδ

54 2881 155 2963 γένος
182 2878 268 2947 εἶναι
297 2882 502 2964 δοκούντων,
530 2879 706 2968 βραβεύειν
734 2876 765 2944 δ’
796 2879 899 2973 δίπασι
925 2879 963 2944 τὸ
992 2883 1076 2961 ἴσον,

10 3008 40 3048 ιο
56 2987 298 3073 ἐπισταμένους
320 2989 371 3054 ὅτι
393 2985 449 3052 καὶ
469 2997 537 3051 τῶν
554 2987 667 3072 κρύφα
684 2983 920 3072 πραττομένων
938 2983 1077 3050 ἕκαστον

54 3094 73 3159 δ
93 3096 175 3172 θεὸς
193 3095 316 3179 βλέπει.
357 3094 424 3178 <4>
441 3102 545 3159 ταῦτα
563 3091 699 3171 διδάξας
716 3093 800 3158 κατὰ
817 3094 917 3157 πόλιν
936 3089 1076 3173 ἑκάστην

54 3211 123 3264 τῶν
143 3201 205 3266 δύο
225 3208 344 3286 φυλῶν
359 3198 566 3286 ὑπέστρεψεν
584 3197 863 3284 είςἹεροσόλυμα.
899 3201 1076 3280 κατέστησε

55 3303 93 3370 δὲ
107 3303 162 3371 καὶ
178 3305 215 3371 ἐν
229 3309 360 3384 τούτοις
373 3308 486 3392 κριτὰς
505 3305 541 3372 ἐκ
553 3317 621 3372 τῶν
636 3303 752 3391 ἱερέων
770 3301 826 3370 καὶ
842 3314 910 3369 τῶν
924 3309 1075 3370 Λευιτῶν

127 3435 142 3493 ἓ
159 3434 172 3482 1
195 3454 228 3474 =
248 3429 369 3484 2Paral.
384 3428 449 3482 XIX
462 3434 485 3483 1.

881 3512 939 3568 w
1186 3510 1195 3594 χ’
