2400 3840
84 126 150 190 224
450 124 725 178 APmOAofflz

84 287 214 372 έπεσον,
232 285 288 353 καὶ
303 284 407 371 μηδὲν
426 289 474 353 ἔτι
493 287 658 371 σωτήριον
673 284 818 371 ὁρωντες
832 283 1108 370 ἐξομολογεῖσθαι
1148 335 1149 338 ,

83 395 205 472 πάντες
229 395 387 480 ὥρμησαν
410 394 461 460 ὅτι
485 394 622 469 δικαίως
648 390 772 468 αύτούς
798 391 817 457 6
841 394 929 470 θεὸς
952 394 1110 480 ὑπερόψε-

84 527 149 584 ται,
172 498 375 585 γενομένους
396 496 473 587 περὶ
496 498 600 564 αὐτὸν
618 496 749 582 ἀσεβεῖς
769 495 827 563 καὶ
845 497 1061 584 συγχέαντος
1077 500 1111 565 τά

84 611 218 693 νόμιμα.
264 607 373 691 <257>
395 606 542 672 κατιδών
570 601 601 669 δ’
627 604 750 682 αύτούς
772 603 791 671 6
813 607 898 682 θεὸς
928 606 1020 672 ούτω
1047 608 1112 671 δια·

83 711 258 798 κειμένους
284 711 340 780 καὶ
368 714 427 790 τάς
454 711 616 798 ἁμαρτίας
643 709 1029 798 ἀνθομολογουμένους,
1056 713 1152 778 οῦκεὲ

84 818 261 886 ἀπολέσειν
288 818 412 895 αὐτοὺς
439 813 510 884 εἷπε
537 819 621 904 πρὸς
647 818 707 883 τὸν
733 818 929 902 προφήτην,
961 822 1111 903 ποιήσειν

85 925 199 1011 μέντοι
217 948 254 1008 γε
273 936 343 1000 τοῦς
362 927 561 1007 Αίγυπτίοις
576 923 800 1010 ὑποχειρίους,
821 924 879 989 ἵνα
897 926 1042 1008 μάθωσι
1058 927 1111 992 πώ

84 1055 183 1117 τερον
210 1029 378 1118 ἀνθρώπω
412 1031 587 1097 δουλεύειν
619 1027 710 1095 έστὶν
739 1029 959 1116 ἀπονώτερον
988 1031 1011 1116 ή
1038 1040 1109 1120 θεῷ.

86 1137 195 1219 <258>
218 1137 423 1223 παραλαβών
446 1133 477 1201 δ’
504 1137 522 1203 ὁ
546 1137 721 1213 Σούσακος
743 1132 886 1221 ἀμαχητὶ
913 1137 984 1220 τήν
1006 1141 1109 1220 πόλιν,

86 1240 268 1328 δεξαμένου
283 1240 464 1328 Ῥοβοάμου
488 1242 545 1308 διαὶ
567 1244 627 1308 τὸν
645 1243 765 1326 φόβον,
788 1240 850 1306 οὐκ
870 1240 1028 1327 ἐνέμεινε
1046 1255 1110 1321 ταῖς
1120 1262 1138 1303 ιι

85 1348 280 1435 γενομέναις
299 1349 495 1432 συνθήκαις,
518 1345 591 1413 ἀλλ’
612 1346 752 1430 ἐσύλησε
774 1348 812 1412 τὸ
836 1347 930 1433 ἱερὸν
955 1348 1016 1415 καὶ
1039 1353 1111 1428 τοὺς

84 1458 280 1542 θησαυροὺς
307 1452 482 1534 ἐξεκένωσε
509 1461 570 1519 τοῦ
597 1460 682 1519 θεοῦ
709 1451 765 1519 καὶ
796 1456 876 1529 τοὺς
902 1456 1110 1540 βασιλικούς,

84 1570 211 1646 χρυσοῦ
235 1559 290 1626 καὶ
314 1561 463 1646 ἀργύρου
486 1561 652 1646 μυριάδας
671 1559 924 1645 ἀναραθμήτους
942 1564 1112 1646 βαστάσας

83 1663 140 1731 καὶ
159 1662 263 1750 μηδὲν
283 1667 368 1742 ὅλως
385 1666 568 1733 ὑπολιπών.
606 1665 718 1750 <259>
735 1670 879 1752 περιεῖλε
898 1663 937 1731 δὶ
956 1668 1111 1746 καὶτοὺς

85 1780 230 1860 χρυσοῦς
252 1775 399 1870 θυρεοὺς
420 1770 476 1837 καὶ
494 1772 554 1849 τοὶς
570 1771 723 1855 ἀσπίδας,
746 1771 785 1848 δὶς
802 1775 1030 1842 κατεσκεύασε
1048 1781 1141 1842 Σο15

85 1882 198 1964 λομών
217 1881 234 1946 6
254 1881 423 1963 βασιλεύς·
445 1877 506 1944 οὐκ
525 1884 614 1944 εἴασε
633 1874 664 1942 δ’
687 1874 767 1943 οὐδὲ
784 1879 842 1954 τὰς
860 1889 992 1965 χρυσᾶς
1012 1881 1111 1968 φαρέ-

84 2010 180 2071 τρας,
208 1987 247 2063 δὶς
274 1985 419 2070 ἀνέθηκε
441 1986 595 2068 Δαυίδης
616 1993 662 2073 τῷ
685 1989 770 2071 θεῷ,
797 1983 911 2067 λαβών
934 1990 1031 2073 παρὰ
1054 1997 1110 2054 τοῦ

85 2102 144 2175 τῆς
158 2097 329 2177 Σωφηνῆς
347 2091 517 2176 βασιλέως.
553 2089 609 2156 καὶ
629 2099 726 2157 τοῦτο
745 2091 886 2173 ποιήσας
904 2089 1109 2181 ἀνέστρεψεν

86 2198 134 2271 είς
156 2198 334 2273 τάοίκεία.
378 2197 498 2280 <260>
522 2196 683 2282 μέμνηται
712 2194 749 2263 δὲ
774 2197 896 2279 ταύτης
923 2207 985 2281 τῆς
1013 2218 1109 2287 στρα-

84 2303 173 2376 τείας
191 2298 246 2365 καὶ
266 2299 551 2387 ὁἉλικαρνασεὺς
565 2301 757 2388 Ἡρόδοτος,
775 2301 851 2391 περὶ
869 2305 976 2388 μόνον
992 2309 1033 2373 τὸ
1052 2316 1109 2373 τοῦ
1121 2320 1141 2360 ²⁰

85 2404 247 2491 βασιλέως
269 2404 454 2490 πλανηθεὶς
476 2408 598 2492 ὄνομα,
620 2406 675 2472 καὶ
700 2410 751 2475 ὅτι
774 2398 888 2487 άλλοις
909 2434 947 2476 τε
969 2419 1108 2490 πολλοῖς

85 2512 232 2596 έπῦλθεν
256 2514 371 2580 έθνεσι
393 2511 449 2580 καὶ
471 2514 533 2597 τήν
556 2517 787 2599 Παλαιστίνην
805 2520 939 2602 Συρίαν
963 2517 1108 2585 ἐδουλώ-

33 2711 35 2715 ¹
86 2637 177 2705 σατο,
200 2623 312 2707 λαβὼν
339 2619 480 2709 ἀμαχητὶ
507 2625 586 2701 τοὺς
613 2622 815 2707 ἀνθρώπους
841 2625 920 2700 τοὺς
948 2622 986 2689 έν
1014 2625 1107 2712 αὐτῇ,

86 2730 195 2813 <261>
214 2732 363 2818 φανερὸν
387 2729 417 2796 δ’
440 2731 490 2797 ὅτι
510 2732 550 2796 τὸ
569 2727 729 2817 ἡμέτερον
751 2732 853 2806 ἔθνος
872 2730 1031 2814 βούλεται
1052 2733 1108 2815 δη-

85 2842 169 2901 λοῦν
195 2835 436 2923 κεχειρωμένον
467 2837 533 2903 ὑπὸ
565 2846 626 2903 τοῦ
654 2838 849 2919 Αἰγυπτίου.
896 2834 1012 2918 έπάγει
1043 2840 1140 2923 γὰρῦ

33 2955 41 2964 “
86 2942 136 3006 ὅτι
160 2943 281 3021 στήλας
302 2941 476 3007 κατέλιπεν
504 2941 541 3006 έν
568 2952 608 3027 τῇ
631 2953 699 3008 τών
722 2937 862 3026 ἀμαχητὶ
884 2944 1106 3028 παραδόντων

86 3047 207 3122 αὑτοὺς
230 3046 342 3111 αίδοία
367 3056 537 3129 γυναικών
560 3046 740 3133 ἐγγράψας·
760 3047 935 3133 Ῥοβόαμος
958 3046 990 3113 δ’
1016 3050 1105 3139 αύτῷ

85 3150 277 3237 παρέδωκεν
309 3151 326 3216 6
355 3149 512 3236 ἡμέτερος
544 3153 700 3234 βασιλεὺς
730 3153 870 3240 ἀμαχητὶ
893 3153 962 3238 ξτήν
995 3160 1105 3222 πόλιν.

86 3259 194 3341 <262>
216 3254 298 3340 φησὶ
322 3253 359 3352 δέ
377 3254 432 3321 καὶ
451 3259 620 3334 Αἰθίοπας
637 3256 715 3343 παρ’
738 3263 933 3342 Αἰγυπτίων
954 3269 1105 3347 μεμαθη·

157 3399 172 3459 ς
188 3399 240 3447 25⁷
255 3421 289 3441 ει
303 3394 483 3451 2Paral.XII
494 3401 517 3452 7.
590 3399 667 3460 §258
683 3421 716 3441 ==
731 3401 747 3450 3
760 3398 829 3467 Reg.
845 3401 909 3455 XIV
919 3406 967 3468 263
982 3401 1103 3456 2Paral.

85 3481 137 3534 XII
152 3487 176 3534 9.
251 3488 266 3547 9
281 3489 334 3539 260
349 3511 382 3530 =
397 3484 512 3539 Herodt.
527 3484 552 3537 II
569 3488 628 3538 102.

499 3747 623 3770 *a
