2400 3840
505 119 651 169 AEKATH
1019 116 1083 182 349

134 278 245 361 <154>
269 281 537 365 παραγενόμενος
559 277 590 344 δ’
617 283 665 356 είς
682 282 869 364 Βαβυλῶνα
892 279 910 344 ὁ
929 283 1085 365 βασιλεὺς
1105 303 1120 351 τ

59 387 233 453 Σεδεκίαν
255 381 317 469 μὲν
340 381 442 470 εἶχεν,
470 387 546 472 ἀχρι
568 383 624 451 καὶ
647 385 871 470 ἐτελεύτησεν,
900 384 937 450 ἐν
960 387 1084 471 είρκτῆ·

49 492 182 572 -θάψας
206 489 236 557 δ’
263 491 367 558 αὐτὸν
388 497 580 577 βασιλικῶς,
606 475 645 558 τά
669 495 768 575 σκεύη
791 493 832 558 τὰ
855 491 891 557 ἐκ
912 501 973 557 τοῦ
988 488 1085 578 Ἱερο-

62 599 225 683 σολῦμων
252 597 442 681 συληθέντα
468 608 553 687 ναοῦ
580 596 723 682 ἀνέθηκε
751 610 821 675 τοῖς
851 599 950 675 ίδίοις
980 605 1085 681 θεοῖς,

28 707 127 771 στὸν
151 701 189 770 δέ
212 706 295 771 λαὸν
316 703 497 794 κατῴκισεν
525 705 562 771 ἐν
589 715 628 791 τῆ
651 706 866 790 Βαβυλωνίδι
893 706 999 792 χώρα,
1026 708 1085 771 τὸν

63 810 97 876 δ’
125 808 279 897 ἀρχιερέα
302 810 445 878 ἀπέλυσε
466 822 534 878 τῶν
557 814 697 897 δεσμῶν.

134 918 245 1002 <155>
264 919 282 984 ὁ
299 915 337 984 δὲ
351 920 532 1005 στρατηγὸς
547 919 830 1005 Ναβουζαρδάνης
843 921 1085 1004 αἰχμαλωτίσας
1103 924 1123 987 9

62 1027 127 1090 τὸν
141 1022 378 1111 τῶνἙβραίων
392 1028 475 1092 λαὸν
488 1028 567 1102 τοὺς
580 1024 722 1108 πένητας
734 1025 790 1092 καὶ
804 1027 1010 1112 αὐτομόλους
1020 1025 1088 1092 ἐκεῖ

63 1129 257 1215 κατέλιπεν,
280 1131 456 1211 ἀποδείξας
478 1131 590 1198 αὐτῶν
610 1132 757 1218 ἡγεμόνα
781 1135 947 1200 Γοδολίαν
969 1136 1085 1219 ὄνομα,

18 1256 49 1299 10
61 1235 222 1322 Ἀικάμου
241 1239 345 1303 παῖδα
362 1249 431 1304 τῶν
450 1233 488 1304 εὖ
506 1242 703 1323 γεγονότων,
727 1238 852 1323 ἐπιεικῆ
870 1239 926 1305 καὶ
945 1240 1084 1306 δίκαιον.

64 1342 201 1421 ἐπέταξε
224 1341 257 1408 δ’
281 1345 394 1421 αὐτοῖς
416 1345 478 1428 τὴν
500 1347 612 1433 χώραν
636 1342 866 1430 ἐργαζομένοις
888 1354 934 1433 τῷ
956 1350 1088 1430 βασιλεῖ

63 1456 176 1516 τελεῖν
196 1454 306 1535 φόρον
324 1449 519 1537 ὡρισμένον.
560 1452 670 1537 <156>
685 1449 845 1538 Ἱερεμίαν
868 1448 905 1516 δὲ
923 1453 983 1517 τὸν
1005 1473 1085 1536 προ-

63 1558 179 1641 φήτην
196 1557 308 1642 λαβὼν
327 1556 362 1622 ἐκ
380 1566 440 1641 τῆς
457 1560 587 1644 εἱρκτῆς
605 1562 735 1625 ἔπεισεν
754 1561 802 1636 είς
815 1561 1003 1643 Βαβυλῶνα
1022 1561 1085 1624 σὺν

63 1662 158 1750 αὐτῷ
171 1661 419 1750 παραγενέσθαι
434 1662 664 1752 (κυκλοῦσθαι
683 1666 746 1750 γὰρ
765 1666 830 1730 ὑπὸ
849 1673 910 1730 τοῦ
924 1663 1085 1749 βασιλέως

18 1791 47 1832 15
62 1766 164 1835 πάντ’
185 1769 274 1858 αὐτῷ
291 1770 471 1857 χορηγεῖν),
491 1773 522 1836 εί
540 1766 577 1835 δέ
594 1779 693 1836 τοῦτο
712 1771 755 1854 μη
775 1772 940 1854 βούλεται,
959 1772 1085 1853 δηλοῦν

62 1875 157 1963 αὐτῷ
176 1884 242 1941 ποῦ
255 1874 369 1961 μένειν
383 1875 573 1962 διέγνωκεν,
592 1877 649 1942 ἵνα
666 1885 765 1942 τοῦτο
780 1874 946 1961 ἐπιστείλη
963 1884 1009 1963 τῷ
1026 1878 1085 1958 βοι-

62 1987 162 2047 σιλεί.
199 1981 309 2066 <157>
327 1983 346 2049 ὁ
366 1980 403 2049 δὲ
421 1986 594 2070 προφήτης
612 1980 690 2049 οὔθ’
712 1982 852 2048 ἕπεσθαι
869 1984 992 2065 ῆδελεν
1012 1978 1082 2046 οὔτ’

62 2088 229 2172 ἀλλαχόσε
251 2111 317 2156 που
340 2088 463 2175 μένειν,
486 2088 591 2174 ῆδέως
609 2088 640 2155 δ’
663 2085 750 2175 εἶχεν
769 2087 821 2155 ἐπὶ
840 2101 911 2167 τοϊς
929 2087 1086 2173 ἐρειπίοις

63 2202 126 2277 τῆς
148 2197 308 2282 πατρίδος
329 2193 385 2261 καὶ
402 2207 473 2273 τοῖς
489 2198 712 2284 ταλαιπώροις
729 2196 831 2280 αὐτῆς
850 2196 1001 2279 διαζῆσαι
1020 2200 1085 2259 λει-

22 2322 49 2362 εο
64 2300 197 2378 ῦάνοις.
234 2305 336 2384 γνοὺς
350 2299 381 2366 δ’
398 2301 502 2368 αὐτοῦ
515 2303 577 2386 τὴν
594 2305 790 2391 προαίρεσιν
808 2302 826 2368 ὁ
846 2303 1027 2390 στρατηγὸς
1040 2311 1085 2388 τῷ

66 2407 214 2495 Γοδολίηι
233 2407 429 2495 προστάξας,
452 2408 493 2474 ὃν
510 2408 694 2495 κατέλιπεν,
718 2409 835 2476 αὐτίκα
852 2418 969 2476 πᾶσαν,
982 2409 1085 2473 αὐτοῦ

64 2519 239 2578 ποιεῖσθαι
253 2515 417 2599 πρόνοιαν
429 2511 486 2578 καὶ
499 2519 661 2600 χορηγίαν
678 2515 767 2580 ὅσων
780 2514 823 2580 ἀν
837 2513 960 2598 δέηται,
980 2515 1085 2599 δωρη-

64 2619 209 2702 σάμενός
222 2617 250 2685 τ’
268 2620 367 2697 αὐτὸς
381 2620 522 2705 δωρεαῖς
534 2617 759 2702 πολυτελέσιν,
773 2617 946 2685 ἀπέλυσεν.
975 2619 1084 2702 (158)

64 2723 122 2790 καὶ
141 2723 298 2812 Ἱερεμίας
320 2722 382 2812 μὲν
403 2723 595 2810 κατέμεινεν
618 2724 655 2790 ἐν
678 2728 773 2791 πόλει
795 2732 855 2808 τῆς
877 2724 986 2811 χώρας
1008 2728 1086 2789 Μα-

24 2849 50 2890 25
65 2838 186 2918 σφαδῆι
214 2831 416 2918 καλουμένη,
447 2830 677 2919 παρακαλέσας
708 2832 767 2897 τὸν
798 2830 1085 2917 Ναβουζαρδάνην

64 2935 111 3002 ἵν’
129 2936 219 3025 αὐτῷ
233 2940 447 3024 συναπολύση
465 2940 525 3004 τὸν
540 2938 695 3024 μαθητὴν
708 2942 894 3024 Βαροῦχον,
914 2937 1033 3023 Νηρου
1048 2932 1085 3000 δὲ

64 3044 179 3127 παῖδα,
203 3042 236 3122 ἐξ
259 3043 421 3129 ἐπισήμου
445 3046 577 3131 σφόδρα
600 3047 707 3121 οίκίας
725 3046 806 3110 ὄντα
823 3041 878 3109 καὶ
897 3051 936 3128 τῆ
955 3045 1083 3131 πατρίῳ

64 3151 194 3234 γλώττη
217 3150 443 3238 διαφερόντως
460 3149 737 3236 πεπαιδευμένον·
760 3150 869 3234 <159>
888 3152 1082 3234 Ναβουζαρ-
1102 3166 1118 3214 2

66 3254 170 3337 δάνης
194 3252 352 3322 δὲταῦτα
371 3256 634 3343 διαπραξάμενος
652 3257 804 3343 ὥρμησεν
823 3258 870 3332 είς
888 3258 1085 3339 Βαβυλῶνα.

23 3379 51 3419 ³0
134 3363 171 3426 οί
192 3358 228 3428 δέ
250 3361 544 3460 πολιορηουμένων
559 3361 798 3449 Ἱεροσολύμων
817 3365 991 3446 φυγόντες,
1015 3363 1086 3426 δια-

139 3488 155 3549 ἓ
170 3487 221 3538 154
235 3510 269 3530 =
283 3484 379 3540 Ierem.
394 3485 456 3539 XLI
470 3489 494 3539 5.
546 3555 550 3563 Ι
567 3490 582 3550 ξ
598 3487 649 3539 155
664 3509 697 3529 =
712 3483 808 3553 4Reg.
823 3482 899 3537 XXV
914 3489 956 3537 22.
