2400 3840
466 149 469 154 -
514 119 614 168 EKTH
1034 114 1079 180 65

55 278 277 363 μετανοήσειν
304 275 335 360 δ’
365 274 466 342 οὐδὲν
494 253 628 363 ΔαυίδηΙ
656 280 917 363 παρασχόμενον.
967 277 1079 360 <298>

55 394 163 450 ταῦτα
191 381 229 449 δὲ
256 395 323 449 τῶν
353 384 578 469 πεμφθέντων
610 385 881 467 διακονησάντων
910 384 994 467 πρὸς
1019 385 1080 447 τὸν

57 490 232 574 Νάβαλον,
251 490 484 576 ἀπανθρώπως
499 494 630 578 σφόδρα
644 490 699 557 καὶ
714 498 864 576 σκληρῶς
877 489 1080 571 ἀπήντησεν·

57 596 227 682 ἐρωτήσας
249 597 312 682 γάρ
336 596 459 673 αὐτοὺς
481 602 532 674 τίς
555 597 624 663 ἐστι
646 599 813 680 Δαυίδης,
843 597 888 672 ὡς
915 598 975 660 τὸν
1001 595 1079 659 υίὸν

28 692 202 785 εήκουσεν
222 700 393 786 Ἰεσσαίου,
417 702 493 768 νῦν
516 703 591 788 ἄρα’
611 700 681 769 εἷπε
700 703 796 788 (μέγα
815 710 1003 788 φρονοῦσιν
1022 697 1076 783 ἐφ’

55 809 173 885 αύτοίς
197 809 232 873 οί
252 806 412 893 δραπέται
439 807 494 872 καὶ
518 810 738 892 σεμνύνονται
761 810 797 874 οί
816 811 895 884 τοὺς
918 809 1081 882 δεσπότας
1110 874 1112 877 ,

56 916 315 995 καταλιπόντες.’
361 915 471 998 <299>
494 915 657 1000 ὀργίζεται
685 914 715 979 δ’
742 915 853 979 αὐτῶν
876 915 1080 1000 φρασάντων

57 1021 75 1086 ὁ
105 1021 272 1103 Δαυίδης,
299 1018 355 1085 καὶ
377 1024 617 1105 ἱτετρακοσίους
644 1017 705 1104 μὲν
732 1019 961 1105 ὡπλισμένους
989 1022 1077 1108 αὑτῷ

56 1126 216 1203 κελεύσας
239 1126 390 1210 ἕπεσθαι,
414 1128 605 1203 διακοσίους
629 1123 666 1191 δὲ
689 1128 839 1211 φύλακας
859 1138 926 1192 τῶν
950 1139 1078 1192 σκευῶν

17 1253 44 1291 ιο
57 1233 248 1298 καταλιπών
272 1232 349 1318 (ήδη
372 1235 435 1318 γάρ
460 1229 548 1317 εἶχεν
571 1231 786 1318 ἑξακοσίους),
811 1231 863 1297 ἐπὶ
884 1235 944 1298 τὸν
963 1234 1078 1317 Νάβα-

57 1345 121 1404 λον
143 1337 303 1423 ἐβάδιζεν,
326 1340 450 1424 ὀμόσας
473 1339 581 1423 ἐκείνη
604 1348 643 1424 τή
667 1338 762 1405 νυκτὶ
783 1343 843 1405 τὸν
862 1336 955 1405 οἷκον
974 1339 1078 1404 αὐτοῦ

55 1443 114 1510 καὶ
146 1444 208 1528 τήν
238 1454 357 1528 κτήσιν
389 1446 471 1528 ὅλην
507 1445 700 1529 ἀφανίσειν·
738 1445 778 1510 ού
814 1447 877 1531 γάρ
909 1448 1078 1530 ἀχθεσθαι

56 1554 164 1636 μόνον
193 1552 243 1617 ὅτι
271 1549 409 1633 γέγονεν
436 1550 612 1637 ἀχάριστος
638 1554 687 1628 είς
715 1551 851 1635 αὐτούς,
880 1548 985 1636 μηδὲν
1009 1552 1079 1616 ἐπι-

57 1659 140 1733 δοὺς
158 1662 263 1741 πολλή
277 1661 518 1744 φιλανθρωπίᾳ
535 1661 619 1743 πρὸς
638 1657 741 1723 αὐτὸν
754 1657 983 1743 χρησαμένοις,
1002 1655 1075 1723 ἀλλ’

13 1781 41 1822 1⁵
55 1764 110 1829 ὅτι
136 1761 193 1827 καὶ
220 1766 541 1849 προσεβλασφήμησε
570 1763 625 1828 καὶ
653 1775 762 1841 κακῶς
789 1760 859 1829 εἷπε
886 1760 990 1847 μηδὲν
1018 1762 1075 1829 ὑπ’
1192 1788 1194 1791 ’

55 1870 171 1934 αὐτῶν
193 1869 427 1954 λελυπημένος.

124 1975 236 2059 <300>
259 1977 384 2042 δούλου
408 1975 447 2041 δέ
467 1999 558 2052 τινος
580 1988 649 2041 τῶν
669 1977 708 2041 τά
731 1978 869 2059 ποίμνια
892 1978 1115 2058 φυλαττόν-7

54 2106 125 2148 των
151 2084 192 2146 τά
218 2092 279 2147 τοῦ
303 2083 464 2166 Ναβάλου
494 2085 577 2168 πρὸς
600 2084 662 2166 τήν
685 2080 866 2146 δέσποιναν
888 2077 950 2164 μέν
972 2081 1076 2146 αὑτοῦ

54 2200 201 2271 γυναῖκα
224 2186 255 2253 δ’
277 2189 406 2254 ἐκείνου
429 2192 643 2266 κατειπόντος
662 2189 712 2254 ότι
735 2187 865 2272 πέμψας
889 2188 906 2253 ὁ
924 2189 1078 2271 Δαυίδης

12 2313 41 2353 ιο
56 2293 161 2376 αὐτῆς
187 2295 270 2378 πρὸς
297 2295 357 2359 τὸν
385 2294 493 2377 ἀνδρα
525 2295 668 2377 μηδενὸς
698 2294 792 2377 τύχοι
825 2304 892 2358 τῶν
924 2299 1077 2380 μετρίων,

56 2399 143 2464 ἀλλά
174 2397 229 2463 καὶ
261 2401 526 2483 προσυβρισθείη
560 2403 785 2485 βλασφημίαις
816 2401 956 2483 δειναῖς,
989 2402 1076 2486 πάση

55 2504 134 2590 περὶ
157 2503 280 2581 αὐτοὺς
297 2508 439 2591 προνοίᾳ
457 2503 512 2569 καὶ
531 2512 664 2590 φυλακή
682 2518 751 2571 τῶν
768 2510 934 2590 ποιμνίων
957 2507 1079 2590 χρησά-

56 2630 170 2696 μενος·
199 2611 309 2695 <301>
328 2608 501 2693 γεγονέναι
526 2607 563 2675 δὲ
585 2620 684 2675 τοῦτο
705 2608 757 2674 ἐπὶ
780 2620 826 2697 τῷ
844 2621 933 2698 κακῷ
952 2622 997 2697 τῷ
1016 2622 1077 2677 τοῦ

56 2719 235 2782 δεσπότου·
266 2714 358 2782 ταῦτ’
385 2716 515 2782 ἐκείνου
539 2718 708 2799 φήσαντος
728 2713 877 2798 Ἀβιγαία
901 2719 1077 2800 (προσηγο-

19 2840 43 2880 ²⁵
56 2825 173 2909 ρεύετο
197 2823 260 2907 γὰρ
285 2823 403 2900 οὕτως)
432 2820 560 2900 εὐθέως
588 2821 767 2899 ἐπισάξασα
796 2822 876 2898 τοὺς
898 2823 999 2898 ὅνους
1021 2820 1078 2886 καί

55 2931 258 3015 πληρώσασα
276 2932 445 2994 παντοίων
464 2929 592 3011 ξενίων,
610 2926 664 2993 καὶ
683 2923 788 3012 μηδὲν
802 2929 940 2992 εἰποῦσα
958 2928 1080 3012 τάνδρί

56 3035 136 3123 (ὑπὸ
162 3037 225 3121 γάρ
245 3033 351 3119 μέθης
369 3035 572 3119 ἀναισθήτως
590 3031 656 3121 ἦν),
681 3035 855 3120 ἐπορεύετο
874 3037 957 3119 πρὸς
970 3037 1077 3098 Δαυί-

55 3145 129 3226 δην.
175 3144 422 3226 καταβαινούσῃ
449 3139 487 3207 δέ
513 3144 553 3207 τά
581 3143 679 3207 στενά
705 3151 765 3207 τοῦ
789 3144 889 3226 ὄρους
911 3139 1078 3223 ἀπήντησε

54 3248 211 3332 Δαυίδης
229 3249 309 3332 μετὰ
328 3259 395 3313 τῶν
409 3251 629 3332 τετρακοσίων
649 3246 701 3312 ἐπὶ
717 3248 877 3330 Νάβαλον
892 3244 1078 3330 ἐρχόμενος.

20 3357 167 3439 ³⁰<302>
189 3352 379 3438 θεασαμένη
409 3351 440 3417 δ’
466 3353 569 3419 αὐτὸν
598 3353 618 3436 ή
646 3354 731 3436 γυνή
754 3353 993 3436 κατεπήδησεν,
1020 3349 1079 3417 καλ

129 3475 531 3545 ςΜεωηΠΜ

109 3576 240 3616 Ιοειεεευε,
257 3573 291 3613 Π,
914 3571 934 3622 ρ,
