2400 3840
547 144 672 204 οΓΔοΗ
1051 153 1115 217 237

99 307 256 394 κατέσχεν
279 310 340 387 ἕως
364 310 447 376 ἑτῶν
466 317 569 377 είκοσι
587 310 643 376 καὶ
662 313 735 396 δύο,
758 310 863 397 μηδὲν
880 316 1032 390 καινίσας
1049 326 1117 379 τῶν

99 419 164 501 πρὸ
195 415 298 481 αὐτοῦ
328 417 493 500 βασιλέων
523 421 553 482 εί
582 419 625 502 μή
659 419 720 484 ὅσα
752 443 790 502 γε
820 421 904 505 πρὸς
935 422 973 484 τὸ
1004 431 1117 505 χεῖρον

98 520 178 588 καθ’
198 523 388 607 ὑπερβολήν
410 528 572 610 πονηρίας
591 524 779 608 ἐπενόησεν,
803 527 931 591 ἅπαντα
947 523 985 588 ’δ’
1007 525 1117 590 αὐτῶν

98 631 140 694 τά
163 631 416 714 κακουργήματα
443 630 499 695 καὶ
525 631 587 713 τήν
613 633 702 717 πρὸς·
723 633 760 696 τὸ
783 638 882 697 θεῖον
906 632 1006 718 ύβριν
1030 631 1117 715 έκμι-

68 762 83 802 5
99 736 298 820 μησάμενος,
316 734 371 800 καὶ
390 736 531 820 μάλιστα
549 738 610 834 τήν
625 735 836 823 Ἱεροβοάμου
856 739 1001 821 ζηλώσας
1013 760 1117 822 παρα-

99 845 231 926 νομίαν.
276 842 395 925 <317>
423 841 478 907 καὶ
506 845 569 928 γάρ
593 838 691 921 οὗτος
717 845 776 920 τάς
799 844 956 928 δαμάλεις
978 846 1036 920 τάς
1058 843 1114 908 ὑπ’

100 948 232 1013 ἐκείνου
262 953 587 1026 κατασκευασθείσας
619 952 860 1036 προσεκύνησε,
895 949 951 1016 καὶ
987 952 1118 1026 τούτοις

99 1056 185 1119 ἀλλα
212 1053 382 1140 παράδοξα
411 1057 734 1141 προσεμηχανήσατο.
781 1059 879 1141 ἔγημε
909 1054 947 1122 δὲ
975 1055 1030 1122 καὶ
1060 1081 1119 1139 γυ-

99 1172 210 1244 ναῖκα,
233 1160 404 1246 θυγατέρα
422 1158 484 1246 μὲν
500 1160 683 1246 Ἰθωβάλου
701 1171 762 1229 τοῦ
786 1167 918 1250 Τυρίων
935 1161 991 1228 καὶ
1010 1164 1119 1228 Σιδω-

54 1294 85 1332 ιο
100 1270 186 1331 υίοιν
216 1267 390 1351 βασιλέως,
420 1262 442 1353 ᾗ
468 1266 626 1352 Ἰεζαβέλη
656 1263 700 1352 ήν
729 1271 849 1354 ὄνομα,
882 1267 940 1354 ἀφ’
972 1265 1013 1352 ής
1041 1272 1120 1346 τοὺς

98 1374 212 1450 ίδίους
234 1373 337 1457 αὐτής
359 1377 462 1451 θεοὺς
484 1381 686 1460 προσκυνείν
708 1377 843 1458 έμαθεν.
889 1375 997 1458 <318>
1021 1370 1064 1457 ήν
1083 1373 1120 1439 δὲ

101 1480 141 1543 τὸ
160 1481 304 1561 ’γύναιον
327 1480 529 1566 δραστήριόν
550 1504 586 1546 τε
607 1478 663 1546 καὶ
685 1483 863 1567 τολμηρόν,
886 1483 934 1557 είς
955 1480 1121 1563 τοσαύτην

102 1583 135 1649 δ’
156 1583 331 1668 ἀσέλγειαν
352 1584 408 1650 καὶ
431 1589 555 1669 μανίαν
577 1588 765 1672 προύπεσεν
788 1587 871 1652 ὥστε
893 1583 949 1651 καὶ
969 1587 1053 1651 ναὸν
1075 1595 1120 1673 τῷ

106 1695 240 1777 Τυρίων
267 1698 351 1778 θεῷ,
379 1691 419 1755 ὃν
442 1695 555 1775 Βήλου
581 1694 903 1777 προσαγορεύουσιν,
931 1689 1120 1780 ᾠκοδόμησε

54 1821 85 1863 15
101 1796 158 1863 καὶ
182 1799 282 1874 ἀλσος
304 1800 473 1863 παντοίων
496 1795 646 1883 δένδρων
668 1799 899 1881 κατεφύτευσε.
943 1795 1121 1880 κατέστησε

101 1901 219 1969 δὲκαὶ
243 1907 342 1990 ίερείς
363 1902 418 1968 καὶ
440 1904 720 1989 ψευδοπροφήτας
742 1904 848 1991 τούτῳ
872 1888 918 1990 τῷ
941 1909 1020 1990 θεῷ.
1065 1900 1121 1967 καὶ

102 2011 203 2088 αὐτὸς
234 2008 314 2076 δ”δ
345 2013 500 2094 βασιλεὺς
530 2013 677 2086 πολλοὺς
706 2010 880 2085 τοιούτους
910 2006 987 2093 περὶ
1018 2008 1121 2073 αὑτὸν

102 2113 206 2201 εἶχεν,
234 2117 332 2204 ἀνοίᾳ
358 2116 414 2183 καὶ
441 2120 585 2204 πονηρίᾳ
611 2116 738 2192 πάντας
764 2114 1017 2200 ὑπερβεβληκὼς
1043 2116 1122 2191 τοὺς

102 2227 167 2309 πρὸ
192 2224 305 2289 αὑτοῦ.

55 2352 87 2393 το
172 2331 281 2414 <319>
304 2333 476 2417 προφήτης
499 2327 539 2395 δέ
554 2354 605 2407 τις
627 2338 688 2395 τοῦ
706 2332 863 2413 μεγίστου
885 2336 981 2413 θεοῦ,
1005 2327 1040 2393 ἐκ
1063 2331 1156 2396 κόν

103 2442 186 2512 λεως
215 2438 392 2521 Θεσβύνης
418 2446 477 2520 τής
505 2437 746 2512 Γαλααδίτιδος
772 2436 896 2520 χώρας,
922 2436 1122 2521 προσελθὼν

100 2540 227 2630 Ἀχάβῳ
255 2541 431 2626 προλέγειν
458 2542 547 2629 αὐτῷ
573 2543 634 2606 τὸν
661 2542 744 2606 θεὸν
773 2543 894 2624 ἔφασκε
919 2538 1001 2624 μήθ’
1026 2541 1122 2606 ύσειν

103 2647 208 2713 αὐτὸν
231 2647 268 2713 έν
292 2634 430 2725 έκείνοις
452 2659 522 2724 τοῖς
545 2649 632 2712 ἔτεσι
650 2648 730 2730 μήτε
753 2646 877 2731 δρόσον
896 2643 1123 2729 καταπέμψειν

104 2756 153 2830 είς
180 2755 242 2837 τήν
268 2756 394 2840 χώραν,
423 2757 453 2819 εί
479 2755 523 2838 μὴ
552 2749 716 2836 φανέντος
744 2751 856 2816 αὐτοῦ.
905 2748 961 2815 καὶ
993 2751 1123 2828 τούτοις

59 2880 88 2922 25
105 2859 270 2944 ἐπομόσας
293 2861 502 2947 ἀνεχώρησεν
525 2861 573 2937 είς
595 2859 635 2924 τά
657 2860 741 2944 πρὸς
763 2860 864 2923 νότον
886 2854 985 2941 μέρη,
1007 2859 1122 2922 ποιού-

104 2990 204 3050 μενος
227 2968 316 3052 παρά
338 2967 503 3054 χειμάρρῳ
524 2963 671 3047 τινὶςτήν
690 2964 876 3049 διατριβήν,
900 2961 933 3041 ἐξ
952 2957 993 3028 οὗ
1011 2961 1067 3027 καλ
1086 2965 1123 3028 τὸ

104 3074 209 3137 ποτὸν
228 3067 307 3156 εἶχε·
327 3073 388 3156 τήν
406 3075 469 3158 γάρ
487 3071 618 3158 τροφήν
636 3071 725 3159 αὐτῷ
744 3067 823 3134 καθ’
842 3067 969 3155 ἡμέραν
987 3071 1124 3155 κόρακες

104 3179 324 3264 προσέφερον.
369 3178 486 3262 <320>
510 3175 799 3263 ἀναξηρανθέντος
827 3173 864 3241 δὲ
889 3185 949 3241 τοῦ
972 3187 1123 3261 ποταμοῦ

106 3282 152 3349 δι’
183 3285 383 3371 ἀνομβρίαν,
416 3286 463 3361 είς
490 3285 657 3370 Σαρεφθά
688 3287 788 3348 πόλιν
815 3284 876 3349 οὐκ
903 3285 1040 3349 ἀπωθεν
1066 3292 1125 3368 τής

63 3409 91 3450 εο
106 3392 261 3468 Σιδῶνος
283 3389 338 3456 καὶ
366 3392 476 3477 Τύρου
501 3389 635 3476 (μεταξὺ
662 3391 725 3475 γάρ
752 3387 871 3474 κείται)
897 3392 1124 3476 παραγίνεται,

180 3519 195 3578 ς
210 3518 262 3566 316
282 3539 316 3558 =
336 3517 352 3564 3
365 3512 435 3580 αις.
449 3511 513 3565 XVI
528 3517 570 3566 σο.
