2400 3840
123 126 188 191 160
489 124 765 178 ffmvomz
886 87 894 102 ⁰

121 297 180 371 τῆς
211 290 352 371 πόλεως,
384 299 454 364 τοῖς
485 285 622 373 κέρασιν
654 284 941 368 ἐπισαλπιζοντας,
980 288 1066 368 βοᾶν
1097 285 1137 359 είς

122 397 228 460 αίῶνα
247 399 433 479 Σολομῶνα
456 396 516 460 τὸν
537 391 675 477 βασιλέα
693 395 831 457 καθίσαι
854 389 909 457 ἐπὶ
932 400 996 456 τοῦ
1017 376 1137 475 βασιλι-

122 510 184 567 κοῦ
202 503 344 587 θρόνου,
362 501 418 565 ίνα
436 507 506 588 γνῷ
523 507 588 576 πᾶς
606 498 624 565 ὁ
643 499 723 575 λαὸς
739 495 1024 581 ἀποδεδειγμένον
1042 496 1137 562 αὐτὸν
1194 546 1195 549 ¹

122 609 187 674 ὐπὸ
206 616 267 673 τοῦ
286 608 409 693 πατρὸς
426 603 574 691 βασιλέα,
597 609 776 689 Σολομῶνι
795 601 826 668 δ’
848 602 1048 669 ἐντετάλθαι
1069 600 1137 688 περὶ

122 723 182 798 τῆς
212 713 329 800 ἀρχῆς,
361 709 405 777 ἵν’
436 711 580 795 εὐσεβῶς
609 708 664 775 καὶ
694 711 830 787 δικαίως
855 719 984 795 προστῆ
1017 719 1078 775 τοῦ
1103 706 1158 773 δ’ὁ

118 819 282 905 Ἑβραίων
303 821 428 896 ἔθνους
444 818 569 896 παντὸς
590 815 645 882 καὶ
668 825 727 901 τῆς
742 814 851 882 Ἰούδα
868 822 990 901 φυλῆς.
1033 816 1135 900 <357>

100 929 253 994 -Βαναία
276 922 307 990 δ’
333 922 516 1008 εὐξαμένου
542 925 602 989 τὸν
629 923 713 989 θεὸν
735 927 915 1015 Σολομῶνι
943 922 1067 1007 εὐμενῆ
1090 945 1136 1005 γε-

121 1031 252 1113 νέσθαι,
270 1027 354 1115 μηδὲ
372 1031 492 1116 μικρὸν
506 1031 715 1106 διαλιπόντες
732 1027 995 1112 ἀναβιβάζουσιν
1014 1028 1069 1095 ἐπὶ
1081 1030 1134 1112 τήν

120 1127 262 1221 ἡμίονον
284 1137 345 1201 τὸν
363 1141 562 1221 Σολομῶνα·
585 1133 641 1201 καὶ
659 1138 904 1222 προαγαγόντες
924 1135 986 1214 ἔξω
1006 1146 1067 1221 τῆς
1083 1138 1134 1202 πό·

122 1249 204 1319 λεως
227 1241 280 1308 ἐπὶ
303 1242 365 1325 τήν
386 1242 497 1325 πηγήν
514 1240 633 1330 καὶτῷ
652 1239 751 1330 ἐλαίςο
768 1244 943 1327 χρίσαντες
961 1244 1134 1326 εἰσήγαγον
1145 1256 1163 1296 1⁰

122 1353 170 1427 είς
192 1350 254 1433 τὴν
276 1351 375 1415 πόλιν
399 1346 667 1432 ἐπευφημοῦντες
688 1345 744 1413 καὶ
764 1347 826 1430 τήν
843 1350 1019 1431 βασιλείαν
1038 1349 1134 1414 αὐτοῦ
1199 1434 1200 1437 ¹

120 1454 280 1538 γενέσθαι
307 1457 530 1539 πολυχρόνιον
558 1453 746 1539 εὐχόμενοι,
773 1455 881 1538 <358>
909 1452 965 1519 καὶ
992 1477 1136 1543 παραγα-
1199 1442 1200 1446 ¹

119 1563 236 1646 γόντες
259 1563 307 1638 είς
329 1563 389 1627 τὸν
411 1556 505 1626 οἶκον
527 1563 587 1627 τὸν
614 1563 788 1646 βασιλικὸν
814 1563 1014 1639 καθίζουσιν
1038 1562 1136 1628 αὐτὸν

121 1664 174 1732 ἐπὶ
196 1675 257 1732 τοῦ
279 1669 420 1753 θρόνου.
465 1666 520 1733 καί
547 1676 611 1744 πᾶς
638 1666 656 1733 δ
679 1668 759 1743 λαὸς
786 1664 836 1732 ἐπ’
863 1665 1007 1751 εὐωχίαν
1037 1669 1137 1746 εὐθύς

121 1772 243 1860 ἐτράπη
270 1771 326 1839 καὶ
353 1772 486 1859 ἑορτήν,
518 1764 667 1859 χορεύων
698 1771 753 1837 καί
784 1772 901 1849 αὐλοῖς
926 1777 1137 1860 τερπόμενος,
1148 1788 1167 1829 1⁵

120 1881 164 1958 ὡς
186 1882 251 1948 ὑπὸ
274 1890 335 1948 τού
362 1883 514 1965 πλήθους
540 1891 608 1945 τῶν
635 1878 788 1965 ὀργάνων
815 1881 947 1944 ἀπασαν
973 1893 1137 1967 περιηχεῖ-

119 1994 201 2052 σθαι
224 1988 286 2071 την
309 1997 373 2071 γῆν
395 1986 451 2054 καὶ
473 1989 533 2053 τὸν
555 1984 645 2072 ἀέρα.

83 2107 99 2155 6
185 2094 294 2177 <359>
316 2095 362 2170 ὡς
384 2092 415 2157 δ’
439 2092 586 2178 ᾔσθοντο
609 2101 668 2176 τῆς
690 2095 771 2176 βοῆς
786 2089 945 2169 Ἀδωνίας
966 2116 1003 2158 τε
1025 2093 1084 2160 καὶ
1107 2096 1139 2160 οί

116 2198 279 2280 παρόντες
297 2195 350 2260 ἐπὶ
369 2199 406 2261 τὸ
426 2197 574 2280 δεῖπνον,
599 2197 840 2284 ἐταράχθησαν,
864 2197 935 2262 ὅτε
954 2204 1137 2285 στρατηγὸς

114 2299 246 2384 Ἰώαβος
265 2303 377 2383 ἔλεγεν
395 2301 457 2365 οὐκ
476 2300 675 2385 ἀρέσκεσθαι
696 2315 767 2379 τοῖς
784 2303 878 2386 ήχοις
900 2301 980 2369 οὐδὲ
998 2315 1039 2391 τῆ
1059 2309 1136 2373 σάλ-
1148 2319 1170 2360 2⁰

116 2428 219 2489 πιγγι.
273 2404 517 2492 παρακειμένου
555 2404 592 2472 δέ
628 2417 688 2500 τοῦ
726 2410 865 2474 δείπνου
900 2408 955 2475 καὶ
992 2414 1136 2496 μηδενὸς

115 2510 310 2597 γευομένου,
333 2512 468 2579 πάντων
487 2511 516 2579 δ’
539 2512 590 2580 ἐπ’
613 2514 743 2594 ἐννοίας
760 2517 988 2603 ὑπαρχόντων,
1012 2518 1136 2607 εἰστρέ-

115 2644 166 2706 χει
198 2623 281 2708 πρὸς
313 2621 435 2700 αὐτοὺς
467 2622 485 2689 ὁ
517 2632 577 2689 τοῦ
612 2622 788 2712 ἀρχιερέως
816 2620 1020 2710 Ἀβιαθάρου
1057 2638 1135 2704 παῖς

113 2726 283 2812 Ἰωνάθης.
330 2731 439 2814 <360>
457 2740 517 2796 τοῦ
537 2729 569 2796 δ’
588 2728 961 2814 Ἀδωνίαθεασαμένου
981 2733 1043 2797 τὸν
1060 2757 1135 2798 νεα-

115 2839 194 2900 νιάν
217 2835 323 2919 ήδέως
344 2834 400 2901 καὶ
418 2840 657 2921 προσειπόντος
678 2837 817 2918 ἀγαθῶν
835 2837 987 2920 ἀγγελον,
1012 2835 1134 2922 ἐδήλου
1147 2853 1169 2893 2⁵

115 2939 212 3006 πάντ’
236 2940 350 3017 αὐτοῖς
372 2943 413 3006 τδι
435 2940 510 3025 περὶ
534 2943 593 3006 τὸν
612 2945 797 3024 Σολομῶνα
821 2941 876 3006 καὶ
899 2943 960 3026 τήν
978 2947 1134 3012 Δαυίδου

116 3056 177 3111 τοῦ
200 3044 362 3131 βασιλέως
384 3046 529 3128 γνώμην.
571 3045 841 3129 ἀναπηδήσαντες
864 3046 894 3112 δ’
916 3048 952 3114 ἐκ
972 3060 1033 3115 τοῦ
1052 3068 1134 3137 συμ-

117 3156 238 3217 ποσίου
258 3153 275 3218 ὅ
295 3149 323 3217 τ’
338 3149 496 3226 Ἀδωνίας
513 3148 568 3215 καί
587 3152 622 3214 οί
637 3151 830 3236 κεκλημένοι
848 3156 969 3233 πάντες
988 3160 1133 3242 έφευγον

116 3259 200 3340 πρὸς
228 3255 366 3334 ἑαυτοὺς
393 3255 536 3332 ἕκαστος.
583 3257 700 3341 (361)
728 3258 893 3343 φοβηθεὶς
920 3260 951 3327 δ’
975 3260 1134 3344 Ἀδωνίας

115 3360 175 3422 τὸν
202 3362 340 3443 βασιλέα
366 3361 442 3451 περὶ
468 3374 536 3429 τῶν
562 3366 748 3447 γεγονότων
776 3365 883 3449 ίκέτης
914 3373 1040 3451 γίνεται
1071 3383 1132 3438 τοῦ
1145 3389 1170 3428 ³0

187 3484 274 3544 §356
293 3508 327 3528 =
347 3491 362 3539 3
382 3486 450 3554 Reg.
470 3485 539 3540 134.
