2400 3840
539 133 637 181 EKTH
1057 130 1100 195 39

81 285 175 353 ταῦτ’
193 289 296 353 είπὼν
306 287 515 375 ἀνεχώρησεν
529 292 577 366 είς
589 293 627 356 τὸ
641 301 710 356 τῶν
721 292 854 355 οἰκείων
868 294 1100 376 στρατόπεδον.
1181 342 1184 348 f

80 403 120 480 τῇ
151 391 183 458 δ’
217 393 355 479 ἐχομένῃ
387 396 488 461 πάλιν
521 395 632 462 ἐλθὼν
662 400 740 473 τοὺς
772 395 894 473 αὐτοὺς
926 395 1100 480 ἐποιήσατο

81 503 218 584 λύγους,
245 498 300 566 καί
328 498 424 586 μέχρι
454 500 690 586 τετταράκονθ’
720 502 853 588 ἡμερῶν
884 503 925 568 ού
958 503 1101 571 διέλειπε

80 608 352 690 προκαλούμενος
376 606 428 672 έπὶ
451 619 522 684 τοῖς
543 607 796 694 προειρημένοις
816 612 894 687 τοὺς
911 614 1100 694 πολεμίους,

55 713 127 790 ιὼς
149 718 399 797 καταπλαγῆναι
422 713 525 779 αὐτόν
541 736 578 779 τε
595 717 656 781 τὸν
674 715 832 781 Σάουλον
848 714 904 780 καὶ
923 717 984 800 τὴν
1003 733 1100 800 στρα-

80 819 165 884 τιάν.
202 817 259 884 καὶ
276 819 516 905 παρετάττοντο
536 817 597 905 μὲν
611 821 656 898 ὡς
675 823 722 898 είς
740 822 858 906 μάχην,
877 822 939 887 ούκ
957 823 1100 908 ἤρχοντο

81 922 112 989 δ’
139 927 188 1002 είς
210 934 331 1010 χεῖρας.

149 1032 259 1115 (175)
281 1041 342 1096 τοῦ
366 1030 403 1097 δὲ
425 1031 573 1118 πολέμου
594 1037 832 1117 συνεστηκότος
848 1047 919 1111 τοῖς
933 1033 1100 1122 Ἑβραίοις
1118 1050 1134 1098 2

81 1135 137 1202 καὶ
155 1147 227 1214 τοῖς
240 1143 489 1222 Παλαιστινοῖς,
508 1139 526 1205 ὁ
541 1140 695 1216 Σάουλος
714 1139 855 1206 ἀπέλυσε
871 1144 931 1206 τὸν
944 1144 1101 1225 Δαυίδην

46 1265 70 1304 1⁰
81 1246 165 1327 πρὸς
186 1245 248 1309 τὸν
264 1243 390 1329 πατέρα
405 1242 575 1328 Ἰεσσαῖον,
598 1244 801 1330 ἀρκούμενος
819 1245 923 1312 αὐτοῦ
941 1258 1012 1324 τοῖς
1031 1272 1100 1331 τρι-

82 1347 137 1415 σὶν
169 1350 273 1433 υἱοῖς,
310 1350 369 1427 οὓς
401 1348 455 1416 ἐπὶ
492 1356 681 1437 συμμαχίαν
715 1350 771 1417 καί
807 1355 885 1429 τοὺς
920 1355 1101 1430 κινδύνους

82 1457 236 1539 ἔπεμψεν.
282 1453 392 1540 <176>
416 1455 433 1521 ὃ
457 1453 496 1521 δέ
516 1460 554 1523 τὸ
578 1453 640 1542 μέν
662 1469 795 1542 πρῶτον
818 1455 872 1522 ἐπὶ
899 1459 939 1522 τά
961 1463 1100 1543 ποίμνια

80 1562 182 1626 πάλιν
211 1559 269 1626 καὶ
300 1563 359 1639 τάς
390 1564 494 1646 νομάς
525 1573 593 1628 τῶν
624 1564 840 1648 βοσκημάτων
873 1569 1099 1650 παραγίνεται,

82 1664 150 1751 μετ’
175 1666 222 1731 ού
254 1671 340 1733 πολὺ
373 1665 411 1733 δὲ
442 1671 569 1753 ἔρχεται
598 1672 682 1754 πρὸς
713 1672 750 1735 τὸ
781 1673 1005 1755 στρατόπεδον
1031 1682 1100 1736 τῶν

46 1770 243 1859 αἙβραίων
269 1772 436 1858 πεμφθεὶς
461 1776 527 1841 ὑπὸ
554 1785 614 1840 τοῦ
645 1779 768 1861 πατρὸς
793 1780 934 1859 ,κομίσαι
964 1799 1001 1841 τε
1029 1787 1100 1853 τοῖς

82 1877 242 1963 ἀδελφοῖς
265 1879 385 1965 ἐφόδια
407 1879 463 1946 καὶ
485 1892 611 1964 γνῶναι
634 1885 670 1946 τί
688 1881 879 1966 πράττουσι.
912 1882 1020 1963 <177>
1038 1890 1099 1946 τοῦ

81 1980 119 2049 δὲ
148 1986 320 2051 Γολιάθου
347 1987 448 2053 πάλιν
476 1985 636 2063 ἐλθόντος
660 1984 716 2052 καί
743 1985 1016 2072 προκαλουμένου
1043 1985 1099 2052 καὶ

82 2091 303 2170 ὀνειδίζοντος
326 2094 377 2158 ὅτι
395 2094 511 2176 μηδείς
529 2091 620 2159 ἐστιν
637 2093 792 2179 ἀνδρεῖος
810 2092 847 2158 ἐν
865 2093 979 2170 αὐτοῖς
997 2093 1034 2171 ὃς
1053 2096 1100 2171 είς

81 2198 190 2283 μάχην
217 2198 306 2287 αὐτῷ
332 2204 438 2286 τολμᾷ
466 2203 663 2284 καταβῆναι,
694 2198 816 2283 μεταξὺ
844 2211 914 2278 τοῖς
941 2199 1099 2285 ἀδελφοῖς

17 2322 48 2362 2⁰
81 2304 241 2387 ὁμιλῶνδ
255 2306 407 2388 Δαυίδης
420 2303 495 2390 περὶ
514 2300 563 2371 ὧν
577 2304 763 2372 ἐπέστειλεν
782 2308 799 2373 ὁ
818 2308 936 2393 πατήρ,
956 2306 1099 2383 ἀκούσας

80 2412 360 2494 βλασφημοῦντος
386 2410 448 2491 τὴν
474 2411 633 2495 στρατιάν
655 2408 710 2476 καὶ
732 2414 1004 2490 κακίζοντοςτοῡ
1028 2415 1099 2476 Πα-

80 2520 255 2580 λαιστινοῦ
277 2514 493 2599 ἠγανάκτησε,
520 2513 575 2580 καὶ
597 2519 681 2600 πρὸς
703 2521 782 2593 τοὺς
804 2508 972 2601 ἀδελφοὺς
994 2519 1099 2584 αὐτοῦ

80 2614 174 2685 εἶπεν
198 2617 336 2703 ἑτοίμως
359 2622 447 2704 ἔχειν
469 2630 696 2706 μονομαχῆσαι
718 2631 764 2709 τῷ
787 2627 943 2710 πολεμίῳ.
989 2624 1099 2705 <178>

79 2729 165 2812 πρὸς
187 2723 286 2791 τοῦθ’
310 2726 328 2791 δ
350 2729 574 2811 πρεσβύτατος
594 2737 665 2792 τῶν
687 2725 843 2810 ἀδελφῶν
867 2724 1017 2810 Ἐλίαβος
1045 2726 1099 2791 έπ-

41 2855 66 2895 ει
80 2831 222 2916 έπληξεν
249 2831 353 2922 αὐτῷ,
379 2836 622 2918 τολμηρότερον
644 2829 722 2917 παρ’
746 2831 880 2915 ἡλικίαν
906 2829 961 2897 καί
985 2832 1098 2917 ἀμαθῆ

79 2948 141 3005 τοῦ
164 2939 391 3024 προσήκοντος
414 2940 530 3022 εἰπάν,
557 2937 711 3005 ἐκέλευσέ
735 2960 771 3004 τε
793 2941 876 3024 πρὸς
893 2941 938 3004 ’τά
961 2943 1100 3022 ποίμνια

78 3043 136 3111 καί
159 3047 220 3111 τὸν
232 3043 359 3130 πατέρα
377 3046 533 3130 βαδίζειν.
567 3044 799 3122 καταιδεσθεὶς
817 3043 855 3111 δὲ
872 3049 932 3111 τὸν
951 3045 1100 3129 ἀδελφὸν

79 3153 309 3239 ὑπεχώρησεν,
336 3148 391 3216 καὶ
418 3154 501 3237 πρός
527 3175 621 3230 τινας
648 3163 716 3218 τῶν
743 3163 954 3238 στρατιωτῶν
981 3150 1100 3217 ἀπελά-

79 3265 183 3343 λησεν
211 3258 263 3325 ὅτι
289 3257 386 3323 θέλοι
414 3259 577 3343 μάχεσθαι
603 3269 649 3347 τῷ
675 3256 944 3346 προκαλουμένῳ.
990 3259 1099 3340 <179>

39 3385 66 3426 ιο
80 3366 306 3450 δηλωσάντων
333 3362 364 3429 δ’
390 3364 495 3442 εὐθὺς
516 3374 562 3453 τῷ
585 3367 728 3454 Σαούλῳ
756 3364 818 3445 τὴν
839 3371 900 3428 τού
923 3367 1100 3430 νεανίσκου

155 3485 564 3556 ςωήωῃω.
