2400 3840
92 132 157 198 278
462 132 734 184 ενεωοεονιεε

92 291 196 380 μηδὲν
227 291 446 375 ἀπαγγέλλειν
478 302 523 380 τῶ
555 296 687 376 βασιλεῖ
717 295 833 373 κακόν,
870 294 964 374 ἔλεγε
998 289 1030 354 δ’
1067 292 1115 355 ὅτι

92 400 293 482 τεθνήξεται.
334 397 388 463 καὶ
413 399 431 464 6
455 396 517 483 μὲν
539 396 667 480 οἰκέτης
689 407 750 463 τοῦ
773 396 937 482 βασιλέως
962 397 1115 463 ἐλυπεῖτο

92 503 183 571 ταῦτ’
209 505 362 586 ἀκούσας,
386 505 404 570 6
428 502 458 567 δ’
482 502 665 580 Ἐλισσαῖος
689 506 797 569 ἔκλαιε
821 502 876 569 καὶ
899 509 1041 580 πολλοῖς
1066 503 1116 588 ε’ρ-

91 624 180 698 ρεῖτο
205 612 371 696 δακρύοις,
394 611 628 696 προορώμενος
652 610 672 675 ἀ
694 610 833 694 πάσχειν
856 610 874 675 6
894 611 977 687 λαὸς
1002 613 1116 694 ἔμελλε

90 720 173 782 κακά
196 719 276 802 μετά
299 717 361 799 τήν
381 714 522 780 Ἀδάδου
545 716 711 798 τελευτήν.
757 716 843 797 <91>
870 714 1138 801 ἀνακρίναντοςε

91 822 121 888 δ’
148 824 251 888 αὐτὸν
271 821 429 904 Ἀζαήλου
451 823 513 905 τήν
536 824 647 886 αἰτίαν
670 831 728 905 τῆς
751 821 957 906 συγχύσεως,
987 822 1114 888 “κλαίω’

91 934 177 1014 φησί
202 930 250 994 “τὸ
279 934 411 1012 πλῆθος
438 940 506 994 τῶν
531 925 743 1013 Ἰσραηλιτῶν
776 926 877 992 ἐλεῶν
909 923 959 992 ὧν
989 928 1025 993 ἐκ
1054 938 1113 994 σοῦ

90 1040 236 1101 πείσεται
260 1036 391 1099 δεινῶν.
433 1035 624 1112 ἀποκτενεῖς
645 1035 708 1119 γάρ
729 1033 840 1099 αὐτῶν
856 1037 936 1110 τοὺς
956 1035 1112 1121 ἀρίστους

89 1139 145 1205 καὶ
168 1142 226 1218 τάς
249 1139 459 1225 ὀχυρωτάτας
481 1144 594 1218 πόλεις
618 1139 807 1225 ἐμπρήσεις,
831 1138 886 1204 καὶ
910 1143 1031 1205 παιδία
1054 1138 1111 1225 μὲν

90 1246 224 1324 ἀπολεῖς
242 1249 454 1333 προσρηγνὺς
469 1245 613 1332 πέτραις,
632 1247 691 1323 τάς
709 1243 739 1309 δ’
758 1245 898 1327 ἐγκύους
916 1245 1110 1332 ἀναρρήξεις
1123 1266 1143 1303 10

89 1351 271 1436 γυναῖκας’
318 1355 412 1437 <92>
435 1362 496 1418 τοῦ
520 1351 551 1416 δ’
574 1351 732 1435 Ἀζαήλου
755 1349 911 1433 λέγοντος
938 1351 1028 1416 ’τίνα
1051 1353 1110 1437 γάρ

90 1461 187 1542 ίσχὺν
205 1458 243 1524 ἐν
259 1456 334 1543 ἐμοὶ
353 1459 552 1543 τηλικαύτην
572 1453 657 1523 εἶναι
678 1455 886 1541 συμβέβηκεν
905 1457 992 1522 ὥστε
1011 1468 1110 1523 ταῦτα

88 1564 250 1647 ποιήσαι;’
283 1565 343 1628 τὸν
375 1565 458 1630 θεὸν
491 1567 615 1647 ἔφησεν
643 1565 732 1651 αύτῷ
760 1560 984 1646 δεδηλωκέναι
1013 1562 1107 1630 τοῦδ’

89 1669 138 1734 ὅτι
161 1677 220 1753 τής
243 1673 373 1755 Συρίας
395 1668 511 1755 μέλλοι
534 1671 735 1755 βασιλεύειν.
764 1658 931 1753 Ἀζάηλος
958 1667 1024 1754 μὲν
1052 1667 1110 1736 οὖν

87 1780 356 1862 παραγενόμενος
382 1778 466 1862 πρὸς
492 1778 552 1842 τὸν
571 1775 718 1841 ’Ἀδαδον
745 1785 790 1863 τῶ
823 1771 884 1860 μὲν
916 1777 958 1840 τά
992 1781 1108 1860 βελτίω
1121 1792 1140 1832 1⁵

87 1881 163 1970 περὶ
186 1892 245 1968 τῆς
263 1887 366 1949 νόσου
385 1884 588 1966 κατήγγειλε,
611 1892 650 1967 τήχ
669 1880 700 1946 δ’
722 1881 861 1966 ἐπιούση
882 1882 1024 1946 δίκτυον
1045 1882 1109 1947 ἐπι-

87 1991 200 2073 βαλὼν
224 1991 313 2079 αύτῷ
336 1990 518 2075 διάβροχον
540 1990 600 2053 τὸν
622 1985 684 2072 μὲν
706 1987 895 2073 στραγγάλη
922 1985 1109 2073 διέφθειρε,

88 2096 174 2177 <93>
196 2097 258 2177 τήν
280 2094 311 2159 δ’
333 2096 438 2181 ἀρχήν
462 2096 562 2170 αὐτὸς
584 2092 758 2178 παρέλαβε,
783 2093 981 2177 δραστήριός
1005 2092 1036 2158 τ’
1064 2096 1109 2158 ὢν

87 2198 170 2282 ἀνήρ
193 2198 246 2263 καλ
271 2199 399 2280 πολλὴν
423 2201 508 2281 ἔχων
535 2201 624 2283 παρά
651 2211 719 2263 τῶν
742 2200 865 2284 Σύρων
892 2199 1032 2264 εὔνοιαν
1055 2198 1108 2264 καὶ

85 2311 146 2367 τοῦ
169 2304 276 2386 δήμου
299 2313 367 2366 τῶν
389 2307 634 2386 Δαμασκηνῶν,
657 2303 716 2387 ὑφ’
738 2300 779 2369 οὗ
802 2302 897 2389 μέχρι
920 2313 986 2368 νῦν
1007 2306 1109 2382 αὐτός
1122 2325 1144 2364 ω

86 2404 122 2470 δ’
144 2406 319 2484 ὁἈδαδος
340 2405 395 2473 καί
412 2406 565 2490 Ἀζάηλος
586 2409 604 2474 6
623 2406 692 2493 μετ’
714 2410 817 2475 αὐτὸν
840 2409 939 2496 ἀρξας
963 2411 1009 2486 ὡς
1031 2411 1108 2477 θεοὶ

85 2523 243 2596 τιμῶνται
268 2516 323 2580 διά
341 2517 400 2594 τάς
419 2514 609 2602 εὐεργεσίας
627 2515 682 2581 καὶ
700 2518 758 2593 τάς
777 2528 844 2581 τῶν
864 2527 955 2580 ναῶν
975 2519 1108 2583 οίκοδο-

86 2621 172 2703 μίας,
191 2613 241 2699 οἷς
256 2621 442 2710 ἐκόσμησαν
460 2625 522 2710 τήν
540 2636 608 2689 τῶν
621 2630 853 2708 Δαμασκηνῶν
871 2624 979 2687 πόλιν.
1018 2625 1110 2707 <94>

85 2730 293 2811 πομπεύουσι
313 2728 343 2794 δ’
366 2726 458 2797 οὗτοι
481 2728 560 2795 καθ’
583 2728 722 2811 ἑκάστην
744 2726 870 2813 ἡμέραν
894 2725 945 2792 ἐπὶ
963 2736 1004 2812 τῇ
1028 2739 1109 2814 τιμή

85 2843 153 2897 τῶν
182 2834 360 2917 βασιλέων,
392 2834 448 2900 καὶ
475 2837 697 2920 σεμνύνονται
725 2834 786 2918 τὴν
803 2820 942 2898 ’τούτων
971 2833 1110 2919 ἀρχαιύ-
1124 2853 1147 2894 ει

85 2961 180 3022 τητα,
211 2940 272 3004 ούκ
300 2941 424 3016 είδύτες
451 2941 501 3004 ὅτι
530 2941 689 3025 νεώτεροί
713 2943 776 3005 είσι
803 2936 858 3003 καὶ
886 2939 947 3003 οὐκ
975 2941 1110 3022 ἔχοντες

86 3039 178 3108 οὗτοι
211 3045 246 3108 oc
275 3048 423 3128 βασιλεῖς
455 3046 510 3125 ἐτη
540 3047 631 3126 χίλια
660 3042 716 3108 καὶ
747 3043 873 3110 ἑκατόν.
923 3044 941 3109 6
971 3041 1008 3109 δὲ
1039 3058 1110 3111 τῶν

83 3144 294 3234 Ἰσραηλιτῶν
326 3150 482 3232 βασιλεὺς
512 3145 668 3232 Ἰώραμος
700 3149 843 3227 ἀκούσας
874 3151 935 3233 τήν
963 3148 1109 3218 Ἀδάδου

85 3254 242 3339 τελευτήν
265 3251 469 3319 ἀνέπνευσεν
492 3252 527 3318 ἐκ
550 3264 618 3319 τῶν
644 3257 761 3339 φόβων
782 3255 838 3320 καὶ
861 3266 921 3321 τοῦ
945 3254 1059 3342 δέους,
1089 3259 1108 3324 ὃ

85 3356 130 3423 δι’
156 3360 260 3425 αὐτὸν
283 3353 380 3445 εἶχεν,
403 3357 553 3443 ἀσμένως
576 3360 710 3446 είρήνης
733 3363 991 3446 λαμβανόμενος.
1122 3383 1147 3423 ω

157 3485 219 3544 ςω
242 3506 275 3526 ,,
295 3479 532 3548 ιιιεςνιιιω.
