2400 3840
511 137 633 187 ENATH
1012 133 1077 199 303

54 297 262 380 συγγνώμην
277 295 365 382 αὐτῷ
379 305 561 381 παρασχεῖν
579 304 647 359 τῶν
659 292 909 379 ἡμαρτημένων,
927 293 1079 378 ἀπῆλθεν

55 406 109 480 είς
132 403 192 485 τὴν
212 404 323 466 Νίνον
346 404 456 485 πόλιν,
478 399 533 465 καὶ
557 397 693 477 σταθεὶς
716 403 764 478 είς
781 400 923 483 ἐπήκοον
944 399 1078 486 ἐκηροπ-

53 532 117 575 τεν
137 508 181 584 ώς
199 505 269 592 μετ’
288 507 404 590 ὀλίγον
422 506 512 573 πάνυ
529 509 653 591 χρόνον
671 506 877 591 ἀποβαλοῦσι
894 507 956 590 την
975 507 1079 591 ἀρχὴν

54 624 119 698 τῆς
134 612 252 690 Ἀσίας.
294 611 349 678 καὶ
372 621 475 678 ταῦτα
494 614 645 695 δηλώσας
666 611 859 699 ὑπέστρεψε.
900 611 1079 697 διεξῆλθον

23 740 38 780 5
58 717 100 785 δέ
119 720 180 803 την
198 716 273 804 περὶ
292 719 396 784 αὐτοῦ
415 721 570 803 διήγησιν
588 720 633 796 ὡς
650 714 757 806 ηὗρον
775 717 1078 806 ἀναγεγραμμένην.

130 826 238 909 <215>
256 824 465 911 Ἱεροβόαμος
484 823 514 890 δ’
537 826 555 891 ό
574 828 729 910 βασιλεὺς
747 827 827 911 μετὰ
845 825 951 909 πάσης
969 826 1079 890 εὐδαι·
1098 844 1113 892 3

58 936 180 1018 μονίας
202 933 262 996 τὸν
284 933 361 1015 βίον
385 931 555 1013 διαγαγὼν
575 929 629 995 καὶ
648 929 749 1017 ἄρξας
767 933 822 1014 έτη
840 932 1079 1017 τετταράκοντα

57 1039 260 1121 ἐτελεύτησε.
301 1034 356 1101 καὶ
375 1036 536 1102 θάπτεται
555 1033 617 1120 μὲν
636 1034 673 1101 έν
691 1040 874 1125 Σαμαρείᾳ,
894 1035 1078 1122 διαδέχεται

60 1143 91 1209 δ’
120 1144 224 1208 αὐτού
247 1143 309 1225 την
331 1145 504 1226 βασιλείαν
527 1142 545 1208 ὁ
569 1143 643 1220 υίὸς
660 1146 841 1230 Ζαχαρίας.
887 1145 996 1228 <216>
1020 1146 1080 1210 τὸν

20 1269 44 1308 10
60 1251 166 1316 αὐτὸν
189 1246 227 1314 δὲ
249 1252 374 1335 τρόπον
396 1246 451 1314 καὶ
473 1247 576 1327 Ὀζίας
598 1248 616 1314 ὁ
640 1258 700 1315 τοῦ
720 1247 877 1335 Ἀμασίον
900 1247 984 1334 νίός,
1008 1254 1079 1327 ἔτος

60 1358 125 1438 ἤδη
146 1353 304 1441 τέταρτον
322 1357 405 1441 πρὸς
423 1365 493 1432 τοίς
511 1353 590 1420 δέκα
608 1357 843 1439 βασιλεύοντος
857 1354 1079 1443 Ἱεροβοάμου,

61 1472 130 1527 τῶν
153 1463 215 1526 δύο
238 1467 357 1546 φυλῶν
381 1459 594 1545 ἐβασίλευσεν
619 1460 656 1527 έν
675 1461 930 1549 Ἱεροσολύμοις,
957 1466 1081 1548 μητρὸς

62 1570 111 1634 ών
131 1565 281 1653 Ἀχιάλας
303 1564 365 1652 μὲν
387 1569 533 1652 τούνομα
556 1567 657 1651 άστης
682 1565 720 1633 δὲ
742 1571 778 1634 τὸ
802 1567 906 1652 γένος.
952 1569 1080 1653 άγαθὸς

63 1673 95 1739 δ’
116 1669 159 1758 ἦν
181 1672 237 1739 καὶ
261 1675 389 1751 δίκαιος
411 1675 473 1757 την
491 1671 669 1758 φύσινκαὶ
687 1678 909 1762 μεγαλόφρων
926 1674 982 1741 καὶ
1000 1698 1080 1760 προ-

21 1797 47 1837 15
62 1789 182 1864 νοῆσαι
209 1791 277 1845 τῶν
299 1780 503 1865 πραγμάτων
529 1782 812 1864 φιλοπονώτατος·
841 1782 958 1865 <217>
984 1797 1080 1865 στρα-

61 1887 263 1972 τευσάμενος
286 1883 323 1951 δέ
345 1884 400 1951 καὶ
424 1884 477 1951 ἐπὶ
496 1891 743 1964 Παλαιστινοὺς
765 1885 820 1952 καὶ
838 1889 975 1969 νικήσας
994 1886 1080 1971 μάχη

62 1996 176 2070 πόλεις
199 1991 310 2057 αὐτῶν
334 1995 430 2075 έλαβε
452 1993 534 2057 κατδι
552 1993 672 2077 κράτος
691 1995 813 2058 Γίτταν
834 1989 890 2059 καὶ
906 1990 1081 2077 Ἰάμνειαν,

62 2097 119 2177 καὶ
141 2096 345 2176 κατέσκαψεν
368 2097 479 2163 αὐτῶν
500 2100 541 2163 τά
563 2102 663 2183 τείχη.
708 2100 788 2184 μετά
814 2096 852 2164 δὲ
873 2100 998 2182 ταύτην
1020 2100 1081 2182 την

63 2207 239 2291 στρατείαν
262 2203 386 2289 ἐπῆλθε
408 2216 479 2282 τοῖς
500 2213 539 2290 τῇ
559 2206 717 2295 Αἰγύπτῳ
741 2217 930 2289 γειτνιῶσιν
947 2205 1081 2293 Ἄραψι,

18 2327 48 2369 20
62 2308 119 2376 καὶ
138 2314 237 2376 πόλιν
250 2314 364 2388 κτίσας
382 2309 435 2377 ἐπὶ
450 2320 508 2396 τῆς
518 2309 684 2399 Ἐρυθράς
701 2313 872 2398 θαλάσσης
891 2312 1081 2397 ἐγκατέστη-

64 2434 123 2482 σεν
155 2417 237 2503 αὐτῇ
270 2418 434 2504 φρουράν.
487 2420 609 2503 <218>
635 2422 745 2486 ἔπειτα
777 2424 856 2498 τοὺς
884 2418 1082 2506 Ἀμμανίτας

63 2525 372 2609 καταστρεψάμενος
393 2522 448 2589 καὶ
471 2527 599 2608 φόρους
617 2525 730 2602 αὐτοῖς
749 2527 864 2612 ὁρίσας
886 2533 1003 2609 τελεῖν,
1025 2523 1081 2590 καὶ

63 2630 172 2695 πάντα
199 2632 239 2695 τδι
265 2628 360 2716 μέχρι
390 2639 458 2694 τῶν
484 2630 680 2712 Αίγνπτίων
712 2630 800 2715 ὅρων
828 2630 1081 2714 χειρωσάμενος,

62 2747 134 2801 τῶν
148 2735 387 2822 Ἱεροσολύμων
404 2736 521 2821 ἤρχετο
545 2741 715 2800 ποιεῖσθαι
736 2737 773 2800 τὸ
792 2735 911 2801 λοιπὸν
933 2736 994 2818 την
1013 2733 1082 2799 ἐπι,

18 2858 47 2899 25
64 2840 209 2927 μέλειαν.
251 2842 312 2908 ὅσα
335 2844 397 2928 γάρ
420 2852 489 2907 τῶν
510 2851 628 2925 τειχῶν
650 2839 670 2924 ἢ
693 2841 758 2907 ὑπὸ
781 2849 841 2906 τοῦ
859 2844 984 2927 χρόνον
1006 2864 1082 2906 κατ-

64 2946 223 3033 εβέβλητο
246 2947 267 3032 ἣ
290 2948 355 3015 ὑπὸ
383 2956 441 3032 τῆς
467 2948 645 3033 ὀλιγωρίας
672 2958 740 3013 τῶν
766 2950 830 3035 πρὸ
858 2947 961 3012 αὐτοῦ
990 2950 1082 3031 βασι-

65 3052 167 3138 λέων,
194 3054 299 3119 ταῦτά
324 3051 353 3118 τ’
380 3053 584 3143 ἀνῳκοδόμει
610 3051 666 3119 καὶ
691 3055 937 3137 κατεσκεύαζεν,
966 3053 1027 3118 ὅσα
1049 3049 1078 3117 τ’

64 3155 109 3242 ἦν
131 3158 379 3244 κατεσκαμμένα
407 3159 472 3225 ὑπὸ
500 3167 559 3224 τοῦ
585 3169 653 3225 τῶν
673 3157 884 3246 Ἰσραηλιτῶν
911 3156 1082 3242 βασιλέως,

66 3266 121 3331 ὅτε
144 3269 204 3331 τὸν
227 3263 351 3352 πατέρα
369 3264 472 3330 αὐτοῦ
491 3266 603 3349 λαβὼν
622 3266 830 3350 αἰχμάλωτον
850 3267 909 3331 τὸν
924 3256 1085 3348 Ἀμασίαν

22 3389 51 3429 30
67 3374 227 3455 εἰσῆλθεν
251 3372 298 3447 είς
320 3371 381 3453 την
399 3373 507 3436 πόλιν.
546 3372 654 3455 <219>
677 3373 954 3461 προσῳκοδόμησε
973 3368 1009 3436 δέ
1027 3368 1082 3435 καί

141 3499 156 3559 ς
172 3498 223 3547 21⁵
243 3518 275 3538 =
296 3492 394 3561 4Reg.
409 3491 474 3546 XIV
488 3498 535 3556 293
555 3497 570 3545 2
584 3491 675 3546 Paral.
690 3491 783 3549 XXVI
797 3501 823 3548 ι.
