2400 3840
525 113 623 162 EKTH
1040 110 1082 173 15

60 272 149 336 θεὸν
180 271 473 357 ἀποχειροτονοῦσι
504 280 562 355 τῆς
590 274 772 356 βασιλείας,
805 272 865 337 οὐκ
893 273 1017 349 είδότες
1039 273 1084 349 ὡς

62 379 327 462 συμφορώτατον
345 378 410 443 ὑπὸ
430 386 490 443 τοῦ
508 379 643 443 πάντων
660 377 797 464 ἀρίστου
815 385 1083 461 προστατεῖσθαι,

61 485 144 560 θεὸς
176 481 381 570 δδέθαάντων
413 486 562 571 ἀριστος,
602 485 689 569 <61>
722 477 895 570 αἱροῦνται
929 481 959 548 δ’
995 486 1082 568 ἐχειν

59 591 247 676 ἀνθρωπον
270 589 418 675 βασιλέα,
442 590 478 667 ὃς
497 591 542 667 ὡς
559 592 699 674 κτήμασι
718 602 788 667 τοῖς
806 589 1082 674 ὑποτεταγμένοις

32 697 144 760 ικατά
171 697 333 780 βούλησιν
359 694 415 761 καὶ
444 695 628 780 ἐπιθυμίαν
650 693 705 762 καὶ
732 708 800 762 τῶν
827 697 938 761 ἀλλων
961 703 1082 761 παθῶν

60 802 170 886 ὁρμὴν
192 804 361 888 χρήσεται,
389 811 447 886 τῆς
478 801 628 880 ἐξουσίας
650 802 797 887 ἀφειδῶς
821 802 1080 888 ἐμφορούμενος,

59 906 135 974 ἀλλ’
155 909 216 993 ούχ
235 907 280 985 ὡς
304 910 392 974 ίδιον
416 911 516 994 ἔργον
534 907 589 974 καὶ
607 911 864 993 κατασκεύασμα
877 911 915 974 τὸ
937 918 1004 974 τῶν
1023 909 1080 973 ἀν-

59 1016 209 1100 θρώπων
231 1013 328 1096 γένος
351 1014 438 1080 ούτω
462 1016 659 1101 διατηρῆσαι
683 1016 875 1098 σπουδάσει,
898 1015 916 1082 6
939 1017 1020 1092 θεὸς
1044 1011 1081 1080 δὲ

58 1122 141 1186 κατὰ
164 1122 288 1205 ταύτην
310 1122 372 1203 τὴν
395 1124 506 1187 αἰτίαν
528 1123 672 1205 κη’δοιτο.
719 1120 803 1188 *ἀλλ’
833 1121 903 1188 ἐπεὶ
927 1120 1080 1187 δέδοκται

19 1245 45 1284 1⁰
57 1225 159 1292 ταῦθ’
185 1228 266 1312 ὑμῖν
294 1226 350 1293 καὶ
380 1229 579 1314 κεκράτηκεν
608 1228 629 1310 ἡ
659 1230 742 1315 πρὸς
773 1231 833 1294 τὸν
863 1231 946 1294 θεὸν
973 1228 1080 1315 ύβρις,

57 1334 204 1418 τάχθητε
226 1334 347 1411 πάντες
368 1336 451 1400 κατά
474 1335 584 1419 φυλάς
606 1358 641 1400 τε
664 1333 719 1400 καὶ
743 1344 901 1420 σκῆπτρα,
924 1332 978 1399 καὶ
1001 1336 1078 1417 κλη-

58 1463 140 1523 ρους
163 1440 300 1525 βάλετε.’
338 1441 424 1525 <62>
438 1441 649 1524 ποιησάντων
664 1437 701 1506 δὲ
715 1451 813 1507 τοῦτο
834 1453 901 1507 τῶν
917 1439 1079 1526 Ἑβραίων
1098 1451 1114 1502 ό

58 1547 75 1612 6
99 1555 159 1630 τῆς
178 1548 411 1632 Βενιαμίτιδος
433 1553 554 1632 κλῆρος
576 1546 713 1625 ἐξέπεσε.
759 1548 879 1631 ταύτης
898 1544 935 1612 δὲ
953 1554 1079 1634 κληρω-

56 1656 176 1734 θείσης
205 1654 321 1737 ἔλαχεν
347 1652 368 1735 ἡ
396 1651 530 1739 Ματρὶς
558 1652 745 1738 καλουμένη
774 1655 910 1740 πατριά,
940 1649 979 1736 ἧς
1006 1652 1077 1720 κατ’

16 1778 41 1818 15
56 1759 166 1844 ἀνδρα
187 1763 417 1844 κληρωθείσης
435 1760 592 1845 λαγχάνει
612 1760 629 1826 6
649 1763 774 1825 Κείσου
793 1761 982 1845 βασιλεύειν
1000 1772 1077 1836 παῖς

55 1865 222 1943 Σάουλος.
277 1867 364 1950 <63>
387 1869 490 1949 γνοὺς
519 1863 556 1931 δὲ
583 1863 681 1931 τοῦθ’
707 1866 725 1931 6
749 1869 922 1941 νεανίσκος
945 1867 1080 1948 φθάσας

54 1971 209 2037 ἐκποδὼν
228 1973 332 2038 αὑτὸν
349 1985 448 2057 ποιεῖ,
472 1973 515 2058 μὴ
536 1974 749 2056 βουλόμενος,
768 1967 870 2056 οἶμαι,
889 1972 1001 2037 δοκεῖν
1019 1972 1080 2055 τὴν

54 2077 163 2163 ἀρχὴν
188 2076 274 2145 ἑκὼν
297 2081 494 2164 λαμβάνειν·
525 2079 609 2145 ἀλλά
632 2079 796 2161 τοσαύτην
821 2076 1003 2156 ἐνεδείξατο
1028 2078 1079 2162 ε’γ-
1114 2097 1116 2100 ·

52 2185 213 2270 κράτειαν
236 2183 292 2250 καὶ
316 2182 547 2273 σωφροσύνηνζ
562 2186 644 2251 ὥστε
663 2197 731 2250 τῶν
748 2188 912 2250 πλείστων
931 2183 1003 2251 οὐδ’
1026 2184 1078 2251 ἐπὶ

13 2309 38 2348 ιο
53 2300 191 2375 μικραῖς
219 2291 413 2376 εὐπραγίαις
440 2291 502 2374 την
529 2292 635 2377 χαράν
667 2303 842 2376 κατασχεῖν
870 2290 1078 2376 δυναμένων,

53 2393 129 2462 ἀλλ’
157 2399 204 2473 είς
227 2398 265 2461 τὸ
289 2406 369 2463 πᾶσι
393 2395 552 2479 γενέσθαι
578 2400 745 2484 φανερούς
767 2401 1036 2483 προπιπτόντων,
1060 2399 1077 2463 ὃ

53 2502 88 2568 δ’
118 2504 159 2570 ού
184 2506 290 2588 μόνον
314 2486 415 2569 ούδὲν
439 2502 579 2588 ἐνέφηνε
602 2513 756 2570 τοιοῦτον
779 2501 831 2569 ἐπὶ
855 2508 1006 2591 βασιλεία
1023 2503 1079 2568 καὶ

53 2608 109 2676 καὶ
133 2619 180 2698 τῷ
203 2611 373 2676 τοσούτων
395 2609 450 2675 καὶ
473 2612 678 2694 τηλικούτων
701 2609 813 2674 ἐθνῶν
842 2609 1078 2693 ἀποδεδεῖχθαι

55 2717 229 2800 δεσπότης,
253 2715 410 2783 ἀλλὰκαὶ
429 2727 487 2800 τῆς
506 2720 613 2795 όύεως
637 2716 739 2780 αὑτὸν
759 2723 818 2796 τῆς
835 2725 903 2778 τῶν
926 2716 1078 2797 βασιλευ-

19 2837 41 2878 25
54 2822 257 2908 θησομένων
281 2821 442 2906 ἐξέκλεψε,
467 2821 522 2888 καὶ
547 2827 654 2905 ζητεῖν
677 2821 780 2885 αύτὸν
802 2817 857 2885 καλ
880 2818 955 2907 περὶ
979 2829 1077 2886 τοῦτο

54 2941 171 2994 πονεῖν
207 2931 462 3015 παρεσκεύασεν.
523 2930 619 3013 <64>
652 2923 700 2993 ὧν
732 2926 992 3013 ἀμηχανούντων
1022 2926 1077 2992 καὶ

55 3037 303 3119 φροντιζόντων
327 3035 377 3101 ότι
401 3034 532 3118 γένοιτο
565 3034 696 3120 ἀφανὴς
719 3034 736 3100 6
760 3032 929 3119 Σάουλοςζ
957 3034 974 3098 ὁ
997 3056 1078 3118 προ-

55 3143 159 3224 φήτης
190 3143 338 3207 ’ίκετεύει
371 3144 430 3208 τὸν
462 3143 546 3207 θεὸν
579 3141 684 3221 δεῖξαι
716 3151 782 3206 ποῦ
814 3139 886 3206 ποτ’
920 3139 994 3222 είη,ἰ
1021 3137 1075 3203 καὶ

53 3259 236 3332 παρασχεῖν
259 3248 310 3328 είςξ
322 3246 471 3334 ’ἐμφανὲς
493 3250 552 3314 τὸν
570 3245 756 3314 νεανίσκον.
794 3246 880 3329 <65>
900 3247 1020 3329 μαθὼν
1039 3243 1076 3311 δὲ

22 3356 141 3441 θκαρά
163 3364 225 3420 τοῦ
250 3361 336 3420 θεοῦ
358 3357 418 3421 τὸν
440 3359 544 3423 τόπον
568 3359 652 3421 ἔνθα
674 3352 852 3439 κέκρυπται
876 3352 893 3418 6
913 3353 1076 3437 Σάουλος,

127 3476 468 3544 §61=1Reg.x19.
