2400 3840
128 147 193 211 190
495 147 770 201 εεκεεοεοειεε
790 184 797 194 ⁴.

126 320 197 387 τοῖς
218 308 357 394 ἡγεμόσι
379 306 434 375 καί
457 319 529 387 τοῖς
549 306 788 396 πρεσβυτέροις
808 319 878 375 τῶν
892 307 1063 395 Ἑβραίων
1085 307 1148 376 έκέ·

128 422 247 482 λευσεν
273 417 402 482 ἅπαντα
429 417 489 482 τὸν
516 416 600 481 λαὸν
626 426 829 499 συναγαγεῖν
856 418 906 494 είς
924 414 1148 502 Ἱεροσόλυμα,

128 522 295 607 ὀψόμενόν
315 544 351 587 τε
368 523 429 588 τὸν
446 522 531 588 ναὸν
548 517 605 586 καὶ
623 531 886 608 μετακομιοῦντα
903 522 967 604 τὴν
985 529 1053 588 τοῦ
1067 529 1148 588 θεοῦ

126 629 270 712 κιβωτὸν
300 629 348 705 είς
373 627 485 693 αὐτόν.
531 628 650 710 <100>
678 623 734 692 καὶ
762 632 1066 714 περιαγγελθείσης
1094 637 1149 713 τῆς

127 736 176 812 είς
197 735 237 800 τά
255 732 468 821 Ἱεροσόλυμα
490 742 593 799 πᾶσιν
619 733 763 818 ἀφίξεως
790 731 920 822 ἑβδόμῳ
942 733 1031 818 ’μηνὶ
1057 738 1169 820 μόλιςι

127 844 298 924 συνίασιν,
322 840 390 906 ὑπὸ
418 837 480 924 μὲν
496 841 574 905 ’τῶν
597 838 784 926 ἐπιχωρίων
807 837 906 926 Θισρῖ
928 840 996 906 ὑπὸ
1023 838 1063 906 δέ
1083 851 1149 907 τῶν

127 946 337 1012 Μακεδόνων
349 943 605 1036 Ὑπερβερεταίῳ
625 945 800 1036 λεγομένῳ.
839 943 1032 1032 συνέδραμε
1052 945 1083 1012 δ’
1104 949 1149 1024 είς

126 1052 186 1117 τὸν
208 1051 312 1116 αὐτὸν
333 1053 458 1137 χρόνον
478 1049 536 1117 καὶ
558 1052 576 1118 ὁ
598 1061 658 1136 τῆς
680 1055 904 1136 σκηνοπηγίας
923 1056 1057 1138 καιρός,
1081 1051 1149 1140 ἑορ-

126 1165 186 1240 τῆς
208 1158 340 1243 σφόδρα
366 1159 455 1244 παρὰ
482 1169 553 1235 τοίς
571 1156 737 1245 Ἑβραίοις
763 1155 948 1242 ἀγιωτάτης
973 1158 1034 1225 καὶ
1062 1163 1149 1246 μεγί·

127 1278 215 1345 στης.
260 1262 377 1349 <101>Ι
405 1263 629 1349 βαστάσαντες
655 1259 719 1331 οὖν
742 1265 806 1348 τὴν
829 1266 977 1349 κιβωτὸν
1002 1264 1064 1331 καὶ
1090 1266 1180 1350 τήνιι

128 1369 254 1453 σκηνὴν
275 1369 319 1453 ἣν
340 1373 492 1455 Μωυσῆς
514 1369 669 1456 έπηξατο,
695 1369 752 1437 καὶ
778 1371 887 1437 πάντα
912 1372 955 1436 τὰ
978 1375 1070 1458 πρὸς
1090 1373 1149 1456 την

128 1472 304 1542 διακονίαν
329 1487 398 1543 ’τῶν
424 1465 558 1544 θυσῖῶν
585 1486 647 1543 τοῦ
673 1484 759 1544 θεοῦ
787 1479 907 1563 σκεόη,
933 1481 1148 1564 μετεκόμιζον

128 1583 176 1657 είς
202 1582 262 1647 τὸν
288 1586 382 1649 ναόν.
430 1593 580 1670 προῆγον
606 1581 643 1649 δὲ
665 1586 747 1669 μετὰ
772 1584 905 1651 θυσιῶν
931 1584 1037 1663 αὐτός
1064 1584 1103 1651 θ’
1131 1585 1149 1652 ὁ

128 1690 284 1772 βασιλεὺς
305 1684 362 1754 καὶ
383 1688 403 1754 δ
422 1690 501 1767 λαὸς
519 1691 604 1768 άπας
623 1687 680 1755 καὶ
702 1691 738 1756 οό
754 1695 904 1776 Λευῖται,
927 1693 1095 1771 σπουδαῖς
1114 1715 1149 1758 τε

127 1793 184 1861 καὶ
201 1800 336 1860 πολλῶν
350 1794 481 1882 ίερείων
494 1797 608 1881 αἵματι
625 1797 687 1880 τὴν
705 1797 787 1863 ὁδὸν
802 1797 1077 1883 καταντλοῦντες,
1095 1795 1180 1865 natu

127 1900 318 1987 θυμιῶντες
339 1903 478 1989 ἀπειρόν
500 1926 532 1968 τι
554 1899 776 1989 θυμιαμάτων
798 1909 943 1988 πλῆθος,
969 1905 1082 1988 <λθί>
1104 1905 1149 1982 ὡς

128 2010 258 2075 ἅπαντα
279 2011 339 2074 τὸν
360 2007 455 2095 πέριξ
478 2007 561 2095 ἀέρα
577 2007 838 2096 πεπληρωμένον
852 2007 911 2075 ’καὶ
928 2021 1000 2088 τοῖς
1017 2033 1148 2099 πορρω-

48 2165 50 2168 .
127 2115 213 2179 τάτω
240 2115 465 2198 τυγχάνουσιν
492 2113 580 2196 ἡδὺν
605 2115 771 2199 ἀπαντᾶν,
797 2114 854 2182 καί
880 2120 1057 2202 γνωριῖειν
1081 2117 1147 2184 έπι-

128 2219 252 2302 δημίαν
273 2224 358 2284 θεοῦ
380 2217 436 2283 καὶ
454 2225 679 2305 κατοικισμόν,
701 2219 773 2287 κατ’
794 2219 1017 2309 ἀνθρωπίνην
1034 2223 1147 2308 δόξαν,

129 2323 177 2398 είς
202 2324 406 2406 νεοδόμητον
433 2323 605 2412 αὐτῷκαὶ
636 2327 888 2413 καθιερωμένον
910 2332 1058 2414 ’χωρίον’
1091 2328 1146 2395 καὶ
1159 2347 1181 2388 ²⁰

127 2429 191 2514 γάρ
210 2425 283 2492 οὐδ’
299 2427 484 2511 ὑμνοῦντες
497 2426 577 2495 οὐδὲ
590 2426 786 2517 χορεύοντες
799 2428 866 2513 Ιἕως
882 2432 967 2522 πρὸς
984 2431 1045 2501 τὸν
1063 2438 1148 2502 ναὸν

126 2528 237 2618 ἦλθον
260 2536 391 2621 ἔκαμον.
436 2536 555 2622 <103>
577 2539 683 2629 τούτῳ
706 2535 768 2623 μὲν
796 2535 858 2605 οὖν
871 2550 925 2629 τῷ
950 2543 1063 2630 τρόπῳ
1087 2542 1147 2624 την

127 2645 271 2728 κιβωτὸν
289 2633 509 2729 μετήνεγκαν·
538 2645 583 2724 ὡς
606 2644 637 2711 δ’
663 2648 711 2725 είς
736 2647 774 2712 τὸ
801 2647 927 2713 άδυτον
950 2645 1056 2730 αὐτην
1082 2650 1147 2714 είσ-

127 2748 275 2833 ενεγκεῖν
298 2754 380 2836 ἔδει,
403 2754 441 2818 τὸ
464 2748 526 2837 μὲν
548 2754 630 2820 ἀλλο
652 2759 784 2837 πλῆθος
805 2751 957 2838 μετέστη,
985 2755 1087 2837 μόνοι
1110 2751 1147 2819 δὲ

126 2861 321 2941 κομίσαντες
352 2857 388 2922 οί
413 2859 513 2943 ίερεϊς
544 2857 665 2941 μεταξὺ
696 2869 764 2923 τῶν
794 2856 955 2946 χερουβὶμ
985 2871 1056 2926 τῶν
1083 2863 1180 2928 δύοῦ

126 2959 320 3027 κατέθεσαν.
365 2965 404 3026 αθ
423 2959 461 3027 δέ
483 2966 562 3038 τοὺς
584 2963 727 3049 ταρσοὺς
745 2963 970 3048 συμπλέξασαι
992 2965 1145 3054 (καὶγὰρ

127 3067 233 3143 οὕτως
258 3059 345 3149 ἦσαν
374 3065 439 3131 ὑπὸ
466 3075 528 3131 τοῦ
558 3069 711 3151 τεχνίτου
738 3071 1052 3159 κατεσκευασμέναι)
1083 3075 1146 3158 τὴν

126 3175 270 3257 κιβωτὸν
296 3171 342 3249 ὡς
367 3171 433 3237 ὑπὸ
461 3180 565 3256 σκηνῇ
591 3169 660 3237 τινὶ
685 3171 742 3238 καὶ
768 3179 862 3265 θόλῳ
887 3177 1144 3245 κατεσκέπασαν.

125 3279 236 3363 <104>
260 3274 326 3364 εἶχε
349 3275 380 3343 δ’
405 3277 426 3362 η
448 3279 588 3363 κιβωτὸς
610 3274 711 3345 οὐδὲν
737 3280 852 3369 ἕτερον
878 3282 900 3366 ἣ
923 3286 985 3350 δύο
1009 3290 1145 3363 λιθίνας

125 3384 267 3467 πλάκας,
302 3388 342 3450 αἱ)
369 3387 448 3464 τοὺς
484 3383 563 3451 δέκα
594 3386 715 3468 λόγους
750 3391 829 3466 τοὺς
859 3389 924 3455 ὑπὸ
961 3401 1022 3456 τοῦ
1059 3399 1180 3458 θεοῦῦ

198 3508 281 3568 §100
300 3531 334 3552 ι-
354 3506 577 3577 3R03.v1112;
597 3504 797 3564 2Para1.va.
