2400 3840
550 138 675 189 οΓΔοΗ
1054 139 1120 204 253

94 295 242 360 ’Ἁδαδον
273 298 332 361 τὸν
364 299 648 382 βλασφημήσαντα
680 300 727 374 είς
754 292 857 364 αύτὸν
884 303 1121 384 μετελεύσεται,

104 401 160 468 καὶ
177 404 306 486 ποιήσει
326 400 363 467 σὲ
381 400 443 487 μὲν
462 403 648 470 ἀποθανεῖν
665 401 722 469 ὑπ’
744 403 884 487 ἐκείνου,
904 408 964 470 τὸν
982 402 1020 470 δὲ
1038 409 1120 472 λαὸν

103 511 169 575 ὑπὸ
188 518 247 592 της
266 518 420 594 στρατιάς
439 509 551 575 αὐτοῦ.
587 508 812 595 παροξυνθεὶς
829 508 859 574 δ’
877 509 1020 596 ’Ἁχαβος
1038 514 1121 596 πρὸς

101 617 165 680 τὸν
186 616 373 699 προφήτην,
395 611 535 699 τὸνμὲν
554 613 788 698 ἐγκλεισθέντα
807 615 1034 698 φυλάττεσθαι
1054 616 1133 681 ἐκέ--

73 729 238 804 ελευσεν,
266 719 509 805 συγκεχυμένος
537 718 568 784 δ’
594 720 694 797 αὐτὸς
722 718 775 785 ἐπὶ
800 732 871 798 τοίς
892 726 1043 807 Μιχαίου
1067 726 1121 788 λό-

102 853 177 911 γοις
200 827 407 912 ἀνεχώρησεν
431 828 478 902 είς
500 826 562 908 τήν
585 827 719 891 οἰκείαν.

173 934 282 1018 <393>
305 931 361 998 καὶ
375 931 518 1017 ’Ἁχαβος
540 928 602 1016 μὲν
624 931 662 998 έν
684 933 815 1010 τούτοις
835 926 889 1017 ἦν,
913 933 1062 1019 ἐπάνειμι
1087 934 1118 999 δ’
1133 935 1174 1000 15

104 1039 159 1107 ἐπὶ
182 1043 242 1106 τὸν
261 1039 500 1126 Ἱεροσολύμων
523 1037 660 1122 βασιλέα
680 1036 893 1123 Ἰωσάφατον,
918 1040 955 1117 ὃς
977 1040 1121 1125 αὐξήσας

102 1148 167 1229 τήν
189 1148 362 1228 βασιλείαν
383 1141 439 1208 καὶ
463 1144 622 1228 δυνάμεις
644 1142 681 1209 ἐν
703 1156 776 1221 ταῖς
797 1148 914 1211 πόλεσι
935 1160 1008 1224 ταῖς
1027 1148 1064 1213 έν
1081 1157 1120 1234 τή

58 1276 89 1316 ιο
104 1264 174 1318 τῶν
196 1253 353 1335 ὑπηκόων
375 1252 466 1337 χώρᾳ
488 1251 703 1335 καταστήσας,
727 1247 828 1316 οὐδὲν
850 1247 949 1334 ήττον
972 1264 1044 1330 ταῖς
1067 1252 1120 1319 ἐπὶ

102 1356 195 1443 Ἀβία
204 1367 264 1422 τοῦ
273 1358 409 1423 πάππον
423 1359 706 1440 καταληφθείσαις
719 1364 778 1439 τής
788 1353 971 1442 Ἐφραίμου
980 1364 1121 1445 κληρου-

105 1467 190 1548 χίας,
199 1462 410 1548 Ἱεροβοάμου
420 1464 653 1547 βασιλεύοντος
662 1473 729 1528 τῶν
739 1460 818 1528 δέκα
828 1469 956 1548 φυλῶν,
970 1467 1122 1551 φρουράς

106 1569 358 1655 ἐγκαθίδρυσεν.
395 1569 506 1653 <394>
525 1566 597 1634 ἀλλ’
619 1565 706 1652 εἶχεν
725 1567 859 1654 εὐμενές
877 1593 912 1635 τε
930 1569 985 1636 καὶ
1005 1588 1121 1657 συνερ-

104 1678 169 1758 γὸν
191 1677 227 1742 τὸ
252 1682 360 1758 θεῖον,
372 1675 511 1750 δίκαιος
530 1675 578 1751 ὢν
595 1672 808 1759 καίεύσεβής
825 1673 880 1741 καὶ
898 1679 933 1740 τί
948 1674 1027 1741 καθ’
1049 1677 1121 1743 ἑκά-

59 1804 88 1844 15
105 1800 189 1865 στην
210 1779 338 1867 ἡμέραν
359 1780 425 1864 ήδὺ
447 1781 577 1862 ποιήσει
599 1778 655 1845 καί
673 1778 837 1866 προσηνές
854 1791 900 1869 τῷ
918 1789 988 1869 θεῷ
1008 1786 1121 1865 ζητῶν.

106 1888 228 1972 ἐτίμων
247 1886 277 1951 δ’
295 1888 398 1953 αὐτὸν
417 1886 453 1952 οί
467 1885 561 1971 πέριξ
580 1890 728 1969 βασιλεῖς
745 1887 895 1972 δωρεαῖς,
913 1888 958 1964 ὡς
975 1891 1121 1954 πλοῦτόν

104 2018 142 2058 τε
164 2002 300 2077 ποιήσαι
323 1994 515 2078 βαθύτατον
537 1990 593 2057 καὶ
617 1989 718 2069 δόξαν
740 1993 888 2077 άρασθαι
910 1996 1077 2077 μεγίστην.

173 2100 282 2184 <395>
300 2102 399 2187 τρίτῳ
420 2096 457 2163 δέ
474 2106 533 2181 τής
551 2101 721 2182 βασιλείας
739 2100 803 2163 ἔτει
823 2098 1026 2182 συγκαλέσας
1042 2102 1122 2185 τοὺς
1141 2116 1156 2163 κ

104 2206 271 2289 ἡγεμόνας
297 2213 355 2289 τής
382 2207 490 2291 χώρας
516 2202 572 2271 καὶ
598 2207 677 2281 τοὺς
695 2207 801 2291 ’ίερείς
824 2204 952 2272 ἐκέλευε
974 2207 1036 2289 τήν
1058 2215 1122 2290 γῆν

59 2333 91 2373 20
105 2314 346 2397 περιελθόντας
369 2313 496 2376 ἅπαντα
519 2313 578 2376 τὸν
601 2313 684 2377 λαὸν
705 2314 766 2378 τὸν
788 2310 845 2379 ὑπ’
866 2312 969 2378 αὐτὸν
991 2312 1123 2391 διδάξαι

105 2420 189 2484 κατά
211 2421 324 2493 πόλεις
341 2420 419 2494 τοὺς
436 2415 601 2494 Μωυσέος
618 2420 753 2502 νόμους,
776 2417 831 2484 καὶ
850 2419 1029 2502 φυλάττειν
1047 2421 1123 2485 τού-

106 2549 187 2601 τους
204 2521 259 2589 καὶ
278 2523 476 2601 σπουδάζειν
493 2521 570 2608 περὶ
588 2524 650 2606 τήν
667 2527 851 2608 θρησκείαν
869 2533 929 2590 τοῦ
943 2532 1036 2590 θεοῦ.
1068 2524 1123 2591 καὶ

106 2632 197 2714 ἥσθη
220 2639 287 2695 πᾶν
309 2632 346 2695 τὸ
369 2634 500 2712 πλήθος
523 2628 628 2704 ούτως
650 2629 695 2704 ὡς
717 2626 822 2713 μηδὲν
840 2630 920 2695 ἀλλο
940 2635 1123 2715 φιλοτιμεῖ-

107 2743 191 2801 σθαι
214 2734 290 2819 μηδ’
312 2734 444 2817 ἀγαπᾶν
467 2734 512 2810 ὡς
533 2735 571 2799 τὸ
594 2745 707 2819 τηρεῖν
729 2735 770 2799 τὰ
792 2736 924 2818 νόμιμα.
961 2735 1070 2819 <396>
1090 2736 1126 2801 οἵ

63 2860 92 2901 τε
106 2866 143 2907 τε
165 2844 353 2927 πρόσχωροι
374 2838 545 2906 διετέλουν
563 2837 757 2924 στέργοντες
773 2837 1050 2923 τὸνἸωσάφατον
1067 2839 1123 2906 καὶ

106 2951 191 3034 πρὸς
209 2947 312 3013 αὐτὸν
331 2948 467 3032 είρήνην
481 2948 625 3028 άγοντες.
652 2946 687 3011 οί
699 2942 736 3011 δὲ
750 2944 971 3013 Παλαιστινοὶ
984 2950 1123 3026 τακτοὺς

108 3053 244 3120 ἐτέλουν
262 3052 352 3140 αύτῷ
371 3055 508 3139 φόρους,
530 3050 585 3117 καὶ
599 3050 740 3138 ’Ἀραβες
758 3052 941 3139 ἐχορήγουν
958 3052 1029 3119 κατ’
1051 3056 1123 3131 ἔτος

107 3162 212 3246 άρνας
230 3158 387 3243 ἑξήκοντα
404 3156 457 3224 καὶ
478 3163 688 3244 τριακοσίους
704 3157 759 3224 καὶ
778 3159 916 3245 ἐρίφους
933 3160 1122 3237 τοσούτους.

107 3269 221 3343 πόλεις
235 3290 269 3331 τε
283 3266 426 3351 μεγάλας
440 3265 616 3350 ὠχύρωσεν
630 3267 732 3342 ἀλλας
744 3289 779 3330 τε
793 3264 848 3331 καὶ
862 3266 985 3351 βάρεις,
999 3263 1054 3331 καὶ
1067 3267 1124 3331 δύ-

65 3390 94 3430 30
107 3397 210 3456 ναμιν
221 3368 521 3456 στρατιωτικήνκαὶ
536 3371 620 3436 ὅπλα
634 3372 717 3455 πρὸς
730 3373 809 3447 τοὺς
821 3373 1000 3455 πολεμίους
1008 3369 1125 3458 ηὐτρέ-

181 3499 263 3560 §393
283 3519 316 3538 =
336 3492 458 3546 2Paral.
478 3491 557 3545 XVII
572 3497 596 3546 1.
