2400 3840
539 113 638 163 EKTH
1059 112 1100 175 77

80 279 204 336 τοῦτον
237 268 268 335 δ’
298 272 317 337 δ
348 273 502 355 Δαυίδης
533 273 614 356 μετὰ
645 284 714 338 τῶν
746 271 924 351 ἑξακοσίων
956 274 1101 339 ὁπλιτῶν

82 380 202 443 εἵπετο.
249 379 359 460 <352>
382 379 586 463 θεασάμενοι
606 377 636 442 δ’
659 379 762 444 αὐτὸν
785 380 820 444 οί
839 378 1015 464 στρατηγοὶ
1034 392 1101 444 τῶν

82 488 336 567 Παλαιστινῶν,
367 487 476 550 πόθεν
508 491 624 568 είησαν
651 486 787 568 ἥκοντες
815 487 850 550 οί
872 484 1019 572 Ἑβραῖοι
1046 483 1101 550 καὶ

81 593 186 655 τίνων
204 589 416 656 καλεσάντων
436 591 574 676 ἠρώτων
587 594 648 657 τὸν
666 591 812 676 βασιλέα.
858 592 876 657 ὃ
896 589 933 657 δέ
946 593 1102 673 Δαυίδην

55 698 197 778 ιέλεγεν
229 691 332 780 εἶναι,
364 699 425 762 τὸν
451 701 603 782 φυγόντα
626 699 785 764 Σάουλον
812 700 871 764 τὸν
899 696 1020 762 ἑαυτοῦ
1050 699 1102 762 δε-

82 805 220 885 σπότην,
244 803 284 869 δν
302 805 386 890 πρὸς
404 806 507 870 αὐτὸν
526 804 669 871 ἐλθόντα
689 804 860 889 δέξασθαι,
882 805 938 870 καὶ
961 814 1025 870 νῦν
1044 813 1102 888 της

82 909 217 994 χάριτος
240 908 384 995 ἀμοιβὴν
407 909 531 975 ἐκτῖσαι
551 914 758 995 βουλόμενον
775 910 831 976 καὶ
849 912 1101 995 τιμωρήσασθαι

82 1016 143 1080 τὸν
170 1015 329 1081 Σάουλον
361 1029 546 1100 συμμαχεῖν
578 1017 699 1092 αὐτοῖς.
744 1017 854 1101 <353>
887 1016 1040 1102 ἐμέμφθη
1069 1015 1099 1081 δ’

82 1121 148 1186 ὑπὸ
170 1132 240 1186 τῶν
268 1133 460 1206 στρατηγῶν
487 1124 595 1208 ἄνδρα
622 1124 835 1209 παρειληφὼς
858 1121 911 1188 ἐπὶ
934 1127 1103 1209 συμμαχία

44 1253 69 1292 ιο
81 1225 254 1312 πολέμιον,
276 1225 331 1292 καί
355 1226 562 1313 ἀποπέμπειν
585 1231 842 1314 συνεβούλευον,
868 1230 911 1314 μὴ
934 1228 990 1294 καὶ
1013 1231 1102 1314 λάθη

82 1332 167 1417 μέγα
195 1332 240 1399 δι’
266 1335 369 1399 αὐτὸν
396 1337 499 1400 κακὸν
526 1338 604 1412 τοὺς
631 1339 752 1420 φίλους
781 1334 1015 1420 ἐργασάμενος·
1045 1328 1101 1399 καὶ

82 1441 146 1525 γάρ
166 1440 277 1517 «οὕτως
301 1440 389 1528 αὐτῷ
411 1440 566 1527 παρέξειν
589 1450 649 1506 τοῦ
666 1448 913 1525 καταλλαγῆναι
931 1445 1101 1526 πρόφασιν

81 1548 166 1631 πρὸς
188 1548 249 1612 τὸν
272 1548 446 1630 δεσπότην,
469 1548 654 1612 κακώσαντι
677 1549 739 1630 τὴν
761 1546 924 1633 ἡμετέραν
948 1547 1101 1631 δύναμιν.

82 1653 194 1736 <354>
225 1652 244 1718 δ
273 1653 315 1736 δὴ
342 1655 571 1739 προορώμενοι
600 1657 648 1731 είς
674 1656 734 1719 τὸν
760 1656 878 1736 τόπον,
911 1653 951 1718 ὃν
979 1655 1102 1717 ἔδωκεν

43 1782 68 1822 15
82 1759 173 1847 αὐτῷ
195 1771 377 1842 κατοικεῖν,
406 1757 560 1825 ἐκέλευον
582 1758 790 1843 ἀποπέμπειν
812 1762 876 1823 σὺν
898 1770 969 1834 τοῖς
992 1756 1101 1835 ἐξακο-

81 1869 170 1943 σίοις
193 1866 355 1941 ὁπλίταις·
388 1875 509 1931 τοῦτον
532 1867 595 1951 γάρ
619 1861 705 1930 εἶναι
722 1865 878 1946 Δαυίδην
903 1864 943 1929 ὃν
961 1862 1102 1949 ᾄδουσιν

81 1973 121 2036 αί
131 1970 298 2056 παρθένοι
312 1973 437 2049 πολλάς
456 1973 621 2057 μυριάδας
635 1976 872 2036 Παλαιστινῶν
886 1967 1101 2034 ἀπολέσαντα.

80 2075 176 2144 ταῦτ’
198 2077 343 2155 ἀκούσας
361 2078 379 2144 ὁ
397 2089 466 2145 τῶν
485 2081 612 2143 Γιττῶν
631 2080 786 2162 βασιλεὺς
806 2074 862 2141 καὶ
883 2082 991 2153 καλῶς
1015 2078 1102 2161 εἰρη-

81 2191 167 2250 σθαι
196 2185 427 2268 λογισάμενος,
454 2183 595 2260 καλέσας
616 2186 676 2249 τὸν
698 2185 854 2266 Δαυίδην
887 2183 997 2266 <355>
1021 2181 1101 2266 ’ἐγὼ

43 2313 68 2353 ιο
80 2288 161 2374 μέν’
182 2285 253 2356 εἷπε
271 2291 444 2377 (μαρτυρῶ
468 2307 522 2355 σοι
544 2291 672 2374 πολλὴν
695 2289 770 2377 περὶ
794 2286 850 2374 ἐμὲ
874 2290 1024 2372 σπουδὴν
1047 2288 1101 2354 καὶ

81 2398 232 2480 εὔνοιαν,
250 2394 305 2461 καὶ
320 2399 376 2462 διδ
388 2399 488 2462 τοῦτό
512 2413 548 2462 σε
564 2398 736 2482 σύμμαχον
751 2396 931 2480 ἐπηγόμην·
952 2395 993 2461 οὐ
1012 2398 1105 2461 δοκεῖ

81 2499 122 2568 δέ
144 2510 249 2568 ταῦτα
267 2511 338 2581 τοῖς
356 2514 560 2588 στρατηγοῖς.
597 2500 670 2567 ἀλλ’
691 2504 791 2566 άπιθι
810 2499 887 2584 μεθ’
909 2501 1036 2586 ἡμέραν
1056 2503 1103 2577 είς

81 2610 125 2675 ὃν
144 2608 254 2674 ἔδωκά
272 2625 326 2674 σοι
344 2612 458 2692 τόπον,
476 2605 580 2694 μηδὲν
598 2609 754 2673 ὑπονοῶν
772 2607 908 2687 άτοπον,
927 2605 1023 2670 κάκεῖ
1039 2607 1103 2688 φύ-

80 2713 185 2781 λαττέ
201 2738 258 2798 μοι
276 2715 338 2798 τὴν
353 2716 476 2801 χώραν,
495 2716 539 2799 μή
552 2736 641 2789 τινες
660 2714 708 2788 είς
727 2710 832 2792 αὐτὴν
849 2721 917 2774 τῶν
935 2713 1103 2793 πολεμίων

42 2842 68 2883 ιε
81 2821 287 2907 ἐμβάλωσιν·
311 2820 419 2904 <356>
440 2822 509 2885 ἔστι
528 2816 638 2884 δὲκαὶ
656 2825 754 2882 τοῦτο
776 2818 963 2900 συμμαχίας
981 2813 1101 2900 μέρος.’

149 2926 208 2993 καὶ
231 2928 383 3010 Δαυίδης
405 2924 478 3012 μέν,
501 2927 546 3002 ὡς
569 2924 740 2990 ἐκέλευσεν
763 2924 781 2990 ὁ
804 2935 872 2988 τῶν
893 2926 1021 2988 Γιττῶν
1044 2925 1102 3006 βα-

80 3037 208 3118 σιλεύς,
231 3029 311 3117 ᾗκεν
334 3036 381 3111 είς
404 3033 565 3098 Σεκελάν·
589 3029 668 3096 καθ’
690 3031 730 3096 ὃν
753 3027 790 3096 δέ
808 3032 926 3117 καιρὸν
945 3029 978 3107 ἐξ
1001 3029 1103 3111 αὐτῆς

80 3142 310 3227 συμμαχήσων
327 3151 399 3217 τοῖς
413 3143 652 3215 Παλαιστινοῖς
669 3137 810 3221 ἀπῆλθε,
829 3139 866 3202 τὸ
880 3147 948 3201 τῶν
965 3133 1104 3218 Ἀμαλη-

79 3259 187 3314 κιτῶν
211 3248 313 3324 ἐθνος
336 3245 481 3311 ἐπελθὸν
504 3247 593 3332 αίρεῖ
613 3245 675 3328 τὴν
697 3245 846 3309 Σεκελδιν
868 3243 950 3307 κατδι
972 3240 1103 3326 κράτος,

40 3352 138 3422 *ικαὶ
162 3353 391 3440 ἐμπρήσαντες
417 3352 472 3417 καὶ
500 3352 627 3435 πολλὴν
650 3353 744 3416 λείαν
762 3352 866 3433 άλλην
889 3350 924 3413 ἐκ
947 3345 976 3413 τ’
1002 3348 1104 3432 αὐτῆς

155 3479 240 3544 §352
261 3499 296 3520 ==
316 3473 414 3542 τινες.
433 3473 524 3527 XXIX
539 3479 563 3529 3.
