2400 3840
120 138 142 203 6
489 137 764 191 ΔΡΧΔΙΟΔΟῙῚΔΣ

117 299 367 386 προστρέπεσθε
385 304 422 366 τὸ
440 307 539 366 θετον
557 297 612 364 καλ
630 310 789 384 τιμῶντες
806 299 999 364 διατελεῖτε.
1042 307 1141 363 ταῦτα

119 410 182 492 γὰρ
209 409 291 493 ὑμῖν
317 418 472 475 ποιοῦσιν
500 408 571 490 ἥξει
603 406 749 489 τάγαθά,
780 406 937 482 δουλείας
968 405 1140 487 ἀπαλλαγὴ

119 513 174 579 καλ
198 520 273 599 νίκη
295 519 471 600 πολεμίων.
512 513 534 578 ἃ
557 517 672 598 λαβεῖν
694 510 772 578 οὐθ’
798 513 913 588 ὅπλοις
932 512 1014 577 οὔτε
1034 511 1140 596 σωμά-

117 646 187 686 των
208 621 325 698 ἀλκαῖς
346 622 423 686 οὔτε
446 621 568 703 πλήθει
592 619 773 704 συμμάχων
794 618 943 683 δυνατόν
967 616 1074 683 ἐστιν·
1101 616 1138 682 οὐ

119 730 182 813 γὰρ
205 731 337 806 τούτοις
358 729 377 794 ὁ
399 730 480 804 θεὸς
502 727 710 810 ὑπισχνεῖται
731 723 885 810 παρέξειν
908 722 1010 805 αὐτά,
1038 733 1086 810 τῷ
1108 721 1159 786 δί

119 833 271 916 ἀγαθοὺς
298 830 382 899 εἶναι
410 832 465 898 καὶ
493 834 652 910 δικαίους.
698 830 859 914 ἐγγυητὴς
885 827 918 894 δ’
942 828 1052 894 αὐτοῦ
1075 840 1138 894 τῶν

119 940 329 1024 ὑποσχέσεων
352 939 416 1022 ἐγὼ
440 938 597 1024 γίνομαι.’
642 939 730 1022 <22>
752 933 844 1004 ταῦτ’
868 937 1023 1013 εἰπόντος
1047 935 1137 1001 έπευ-

119 1047 251 1128 φήμησε
268 1047 306 1110 τὸ
324 1051 456 1130 πλῆθος
473 1042 580 1129 ἡσθὲν
590 1054 630 1130 τη
644 1041 849 1130 παραινέσει,
865 1039 921 1107 καὶ
939 1040 1137 1108 κατένευσεν

119 1150 201 1214 αὑτὸ
223 1149 377 1234 παρέξειν
399 1151 637 1238 κεχαρισμένον
663 1161 709 1238 τῷ
735 1157 815 1238 θεῷ.
860 1148 1001 1230 συνάγει
1024 1146 1056 1213 δ’
1082 1148 1136 1212 αὐ-

119 1256 229 1334 τοὺςδ
244 1259 442 1342 Σαμοόηλος
460 1265 507 1335 είς
524 1282 601 1323 τινα
617 1260 718 1323 πόλιν
733 1257 916 1340 λεγομένην
930 1255 1134 1340 Μασφάτην·
1147 1270 1166 1310 1⁰

118 1367 403 1447 κατοπτευόμενον
423 1373 521 1429 τοῦτο
541 1367 693 1448 σημαίνει
712 1363 793 1428 κατὰ
811 1363 873 1444 την
890 1372 958 1425 τῶν
973 1358 1136 1446 Ἑβραίων

117 1474 276 1550 γλῶτταν.
328 1468 487 1535 ἐντεῦθεν
523 1469 769 1554 ὑδρευσάμενοί
801 1491 836 1533 τε
872 1465 1056 1531 σπένδουσι
1092 1475 1134 1552 τῷ

118 1580 202 1662 θεῷ,
228 1574 284 1640 καὶ
307 1575 603 1658 διανηστεύσαντες
625 1576 707 1658 ὅλην
730 1575 791 1657 την
813 1571 939 1658 ἡμέραν
963 1569 1014 1636 ἐπ’
1042 1573 1135 1656 εὐχάς

119 1677 305 1766 τρέπονται.

83 1801 100 1849 8
187 1789 274 1873 <23>
304 1790 346 1855 οὐ
373 1788 581 1855 λανθάνουσι
614 1784 651 1852 δὲ
682 1789 760 1863 τοὺς
790 1787 1040 1861 Παλαιστινοὺς
1072 1784 1136 1849 ἐκεῖ
1146 1800 1166 1840 1⁵

119 1895 357 1981 συναχθέντες,
384 1895 468 1962 ἀλλὰ
494 1898 661 1980 μαθόντες
687 1887 780 1958 οὗτοι
807 1893 869 1974 την
893 1893 1053 1975 ἄθροισιν
1080 1891 1134 1956 αδ

118 2011 187 2064 τῶν
208 2002 333 2085 μεγάλη
357 2010 494 2087 στρατιᾷ
515 1998 570 2065 καὶ
594 1998 749 2083 δυνάμει,
771 1995 842 2062 κατ’
868 1996 986 2062 ἐλπίδα
1008 2006 1070 2063 τοῦ
1093 1997 1134 2081 μὴ

118 2106 328 2188 προσδοκῶσι
351 2102 434 2188 μηδὲ
456 2103 777 2190 παρεσκευασμένοις
801 2103 1045 2187 ἐπιπεσεῖσθαι,
1069 2115 1136 2180 τοῖς

115 2207 280 2293 Ἑβραίοις
294 2208 496 2294 ἐπέρχονται.
530 2211 617 2292 <24>
627 2212 843 2293 καταπλήττει
858 2208 889 2274 δ’
902 2210 1024 2286 αὐτοὺς
1037 2220 1135 2275 τοῦτο

118 2312 174 2378 καὶ
202 2317 249 2391 είς
275 2314 422 2399 ταραχὴν
448 2316 520 2396 άγει
548 2315 603 2378 καὶ
631 2313 721 2398 δέος,
752 2314 808 2380 καὶ
840 2317 1023 2401 δραμόντες
1054 2318 1137 2402 πρὸς
1149 2332 1171 2373 ²⁰

118 2422 321 2504 Σαμοόηλον
334 2418 604 2485 ἀναπεπτωκέναι
617 2421 676 2496 τάς
693 2423 803 2506 ψυχάς
821 2422 933 2487 αὑτῶν
946 2422 1011 2487 ὑπὸ
1026 2425 1137 2508 φόβου

118 2524 174 2592 καὶ
201 2536 259 2612 τῆς
285 2526 447 2615 προτέρας
474 2527 572 2611 ἥττης
595 2529 755 2613 έφασκον,
782 2526 837 2593 καὶ
859 2525 921 2615 ζδιδι
939 2526 1036 2615 ζτοῦί
1063 2529 1138 2614 ἠρε-

119 2647 208 2720 μεῖν,
237 2635 304 2702 Ἵνα
330 2636 375 2722 μὴ
401 2635 588 2720 κινήσωμεν
615 2636 676 2720 την
702 2647 770 2702 τῶν
792 2638 960 2719 πολεμίων
983 2636 1137 2719 δύναμιν.

120 2751 182 2807 σοῦ
210 2740 241 2807 δ’
269 2742 494 2826 ἀναγαγόντος
519 2743 605 2827 ημᾶς
632 2740 681 2808 ἐπ’
712 2742 810 2825 εὐχάς
840 2739 895 2806 καὶ
927 2745 1051 2818 θυσίας
1081 2741 1138 2807 καὶ

118 2846 250 2930 ὅρκους,
273 2859 412 2929 γυμνοῖς
433 2847 488 2912 καὶ
512 2847 649 2923 ἀόπλοις
668 2846 962 2930 έπεστρατεάκασιν
985 2849 1021 2912 οί
1041 2848 1138 2914 πολέ-
1151 2863 1175 2905 2⁵

120 2970 202 3033 μιοι·
236 2948 328 3025 έλπδς
356 2945 418 3014 οὖν
444 2950 524 3033 ἡμῖν
552 2952 613 3015 οὐκ
640 2952 723 3032 άλλη
756 2953 918 3036 σωτηρίας
950 2951 970 3035 ἣ
1003 2957 1088 3037 μόνη
1117 2954 1137 3036 ἡ

120 3160 200 3246 ἡμῖν
229 3165 407 3248 διαφυγεῖν
435 3160 702 3238 Παλαιστινούς.’
753 3164 848 3248 <25>
881 3163 899 3229 δ
927 3161 964 3229 δέ
993 3172 1138 3251 θαρρεῖν

119 3289 155 3330 τε
178 3269 404 3355 προτρέπεται,
429 3264 484 3333 καλ
508 3267 691 3352 βοηθήσειν
714 3268 828 3346 αὐτοῖς
850 3272 909 3335 τὸν
931 3272 1015 3336 θεὸν
1039 3271 1137 3355 ἐπαγ-

120 3369 279 3454 γέλλεται.
314 3374 369 3439 καὶ
388 3376 501 3459 λαβὼν
519 3375 605 3457 άρνα
622 3376 818 3456 γαλαθηνὸν
840 3371 923 3459 ὑπὲρ
941 3387 1010 3441 τῶν
1028 3379 1137 3462 ὄχλων
1150 3394 1176 3434 ³⁰

193 3497 256 3560 ιω
277 3518 310 3538 -
332 3493 534 3563 1Reg.v116.
