2400 3840
522 165 674 216 ΕΒΔΟΜΗ
1043 162 1109 228 149

84 320 230 407 μέτρους
244 321 406 406 ἐποίησεν.
437 324 563 410 ὄργανά
576 348 611 390 τε
624 324 870 401 κατασκευάσας
885 324 1013 403 ἐδίδαξε
1026 328 1110 412 πρὸς

89 429 173 494 αὐτὰ
187 431 265 505 τοὺς
279 433 422 508 Λευίτας
441 431 561 515 ὑμνεῖν
575 431 634 496 τὸν
652 431 735 518 θεὸν
753 430 835 495 κατά
848 454 885 496 τε
897 431 959 514 τὴν
973 441 1040 496 τῶν
1053 456 1110 496 κα-

88 533 264 619 λουμένων
279 536 455 620 σαββάτων
474 534 602 623 ἡμέραν
620 535 676 602 καὶ
689 538 772 602 κατά
789 537 968 614 τάςάλλας
987 535 1111 623 έορτάς.

88 642 199 725 <306>
218 641 238 725 ἡ
259 637 295 706 δὲ
314 652 383 706 τῶν
401 643 555 728 όργάνων
576 641 649 708 ίδέα
662 644 798 726 τοιαύτη
816 646 867 720 τίς
881 642 949 708 ἐστι
963 644 1023 709 τὸν
1036 647 1111 730 τρό-

61 766 164 812 5πον.
194 746 214 830 ἡ
229 744 291 831 μὲν
305 749 425 834 κινύρα
441 747 521 814 δέκα
534 751 671 835 χορδαῖς
685 747 847 834 ἐξημμένη
861 750 1016 815 τύπτεται
1029 752 1111 833 πλη-

88 877 188 941 κτρφ,
206 852 226 936 ἡ
247 849 284 918 δὲ
302 854 410 938 νάβλα
431 855 560 920 δώδεκα
579 858 755 940 φθόγγους
770 858 890 940 ἔχουσα
904 868 974 933 τοῖς
992 857 1111 921 δακτύ-

89 967 161 1037 λοις
177 961 341 1045 κρούεται.
380 961 532 1045 κύμβαλά
546 959 577 1025 τ’
594 955 643 1045 ἦν
653 960 776 1027 πλατέα
789 960 845 1027 καλ
858 963 984 1046 μεγάλα
997 967 1110 1046 χαλκᾶ.

155 1063 309 1152 καὶπερὶ
333 1063 395 1152 μὲν
419 1068 547 1133 τούτων
575 1065 628 1134 ἐπὶ
650 1077 812 1134 τοσοῦτον
836 1068 932 1153 ἡμίν,
960 1068 1043 1134 ὥστε
1066 1069 1110 1153 μη

89 1170 208 1250 τελέως
231 1172 367 1254 ἀγνοεῖν
389 1173 538 1256 τὴντῶν
554 1173 804 1261 προειρημένων
822 1175 976 1261 ὀργάνων
993 1176 1110 1260 φύσιν,

45 1296 73 1336 10
88 1279 256 1364 ἀρκείσθω
279 1277 448 1365 λελέχθαι·
471 1279 581 1364 <307>
602 1289 648 1369 τῷ
672 1277 709 1346 δὲ
727 1285 859 1365 βασιλεῖ
879 1281 1000 1358 πάντες
1022 1275 1108 1364 ἦσαν
1125 1297 1143 1346 4

88 1385 124 1449 οί
144 1381 219 1470 περὶ
243 1385 346 1450 αὐτὸν
364 1385 525 1470 ἀνδρεῖοι,
546 1384 725 1452 τούτωνδ’
746 1388 782 1452 οί
799 1388 1034 1472 διασημότατοι
1052 1385 1108 1452 καλ

87 1488 232 1576 λαμπροὶ
258 1493 317 1569 τάς
343 1489 478 1578 πράξεις
504 1493 589 1558 όκτὼ
616 1489 672 1557 καὶ
699 1492 885 1577 τριάκοντα.
934 1488 982 1559 ὧν
1009 1491 1108 1559 πέντε

87 1600 201 1681 μόνων
229 1598 427 1681 διηγήσομαι
455 1592 573 1684 τάργα·
606 1600 754 1685 φανεράς
781 1601 844 1685 γάρ
872 1597 927 1665 καλ
954 1601 1013 1678 τάς
1040 1611 1107 1666 τῶν

87 1705 199 1768 ἀλλων
222 1700 340 1788 ἀρετάς
362 1700 561 1788 ἀρκέσουσιν
584 1698 677 1769 οὗτοι
704 1713 853 1788 ποιησαι·
882 1702 1020 1771 δυνατοί
1043 1707 1106 1791 γάρ

45 1826 72 1867 15
87 1804 174 1893 ἦσαν
196 1803 290 1874 οὗτοι
312 1805 368 1873 καὶ
389 1810 499 1895 χώρας
521 1809 710 1893 ὑπάγεσθαι
737 1809 793 1874 καὶ
816 1811 971 1895 μεγάλων
997 1811 1111 1876 ἐθνῶν

86 1923 256 2001 κρατῆσαι.
298 1914 407 1999 <308>
429 1925 560 2001 πρῶτος
582 1911 644 1999 μὲν
666 1910 729 1981 οὗν
745 1913 911 2000 Ἰέσσαμος
933 1918 1008 1994 υίὸς
1023 1915 1110 2001 Ἀχε-

86 2025 204 2106 μαίου,
233 2020 270 2098 ὃς
296 2021 456 2099 πολλάκις
483 2023 531 2099 είς
558 2022 620 2105 τὴν
646 2020 830 2108 παράταξιν
859 2021 1015 2108 ἐμπηδῶν
1041 2035 1111 2089 τῶν

86 2131 270 2211 πολεμίων,
297 2128 339 2192 ού
361 2126 444 2214 πρίν
471 2128 656 2194 ἀπεπαύετο
680 2131 866 2214 μαχόμενος
891 2127 972 2216 πρὶν
995 2129 1111 2196 ἐνακο-

87 2238 182 2310 σίους
205 2233 317 2298 αὐτῶν
339 2232 507 2319 κατέβαλε.
549 2232 620 2320 μετ’
641 2235 745 2301 αὐτὸν
767 2230 811 2320 ἦν
826 2233 1017 2324 Ἐλεάζαρος
1035 2238 1110 2314 υίὸς

44 2356 72 2396 2⁰
86 2341 253 2423 Δωδείου,
272 2339 309 2416 ὃς
327 2333 370 2423 ἦν
383 2341 464 2424 μετά
477 2350 538 2407 τοῦ
553 2339 715 2426 βασιλέως
735 2339 772 2406 έν
782 2338 964 2432 Ἀρασάμφ.
1001 2345 1110 2426 <309>

87 2441 186 2522 οὗτός
208 2467 287 2511 ποτε
309 2456 378 2511 τῶν
393 2443 605 2532 Ἰσραηλιτῶν
627 2446 904 2531 καταπλαγέντων
921 2450 959 2512 τὸ
978 2455 1109 2533 πλῆθος

85 2563 155 2617 τῶν
182 2556 419 2617 Παλαιστινῶν
450 2550 504 2616 καλ
538 2554 734 2636 φευγόντων
765 2554 868 2635 μόνος
898 2555 1021 2636 ἔμεινε,
1053 2552 1109 2619 καλ

86 2657 266 2741 συμπεσὼν
291 2666 362 2734 τοῖς
387 2658 558 2740 πολεμίοις
587 2653 779 2721 ἀπέκτεινεν
811 2656 923 2721 αὐτῶν
952 2661 1107 2743 πολλούς,

86 2765 132 2841 ὡς
158 2763 223 2829 ὑπὸ
256 2771 317 2828 τοῦ
350 2763 486 2846 αἵματος
515 2767 809 2849 προσκολληθῆναι
841 2760 903 2843 τὴν
936 2761 1107 2847 ῥομφαίαν

44 2885 71 2928 25
87 2870 192 2935 αὐτοῦ
214 2878 254 2955 τη
278 2867 381 2956 δεξιᾷ,
403 2866 459 2934 καὶ
482 2870 561 2946 τοὺς
581 2865 793 2954 Ἰσραηλίτας,
817 2868 950 2944 ἰδόντας
964 2880 1108 2955 ’τετραμ-

86 2973 210 3062 μένους
232 2972 289 3042 ὑπ’
311 2974 414 3040 αὐτοῦ
436 2977 515 3051 τοὺς
533 2975 791 3057 Παλαιστινούς,
813 2973 1019 3058 καταβάντας
1041 2973 1107 3042 ἀπὸ

85 3093 155 3149 τῶν
174 3079 281 3168 ὀρέων
300 3081 445 3164 διώκειν,
467 3076 523 3145 καὶ
541 3081 741 3165 θαυμαστὴν
762 3077 818 3145 καὶ
837 3081 1017 3164 διαβόητον
1035 3082 1109 3147 τότε

85 3194 184 3272 νίκην
211 3189 374 3274 ἄρασθαι,
401 3195 462 3251 τοῦ
489 3182 551 3270 μὲν
576 3183 770 3272 Ἐλεαζάρου
798 3189 1002 3268 κτείνοντος,
1035 3183 1110 3252 έπο-

86 3294 191 3380 μένου
215 3289 253 3359 δὲ
275 3301 336 3358 τοῦ
358 3293 511 3375 πλήθους
533 3289 589 3358 καὶ
608 3293 828 3369 σκυλεύοντος
850 3294 929 3368 τοὺς
951 3289 1110 3379 ἀναιρου-

45 3420 73 3459 ³⁰
87 3399 221 3486 μένους.
263 3398 371 3483 <310>
391 3401 503 3486 τρίτος
521 3395 552 3463 δ’
573 3392 616 3481 ἦν
632 3395 717 3463 Ἰλοῦ
736 3393 898 3481 μὲνουίός,
916 3399 1111 3483 Κησαβαΐος

158 3526 244 3588 §305
264 3546 296 3566 =
317 3517 558 3588 2Reg.xxn1;
580 3517 840 3577 1Para1.XW.
861 3518 944 3574 m
964 3523 999 3571 x.
