2400 3840
507 145 632 196 οΓΔοΗ
934 108 937 117 ”
1013 147 1074 210 191

61 309 203 370 Μωυσεῖ
228 303 436 387 λαληθέντας
463 303 500 370 ἐν
527 306 657 393 Σιναίῳ
690 307 761 390 όρει
793 303 1078 391 ἐγγεγραμμένους

58 410 175 488 αὐταῖς
198 413 328 489 ἔσωζον.
373 412 436 495 τήν
458 408 496 476 δὲ
518 414 659 497 λυχνίαν
679 409 736 476 καλ
753 411 815 494 τήν
837 411 1000 497 τράπεζαν
1021 411 1077 478 καὶ
1105 442 1108 448 ’

57 519 117 581 τὸν
140 519 255 601 βωμὸν
277 518 337 582 τὸν
359 526 509 604 χρυσοῦν
532 520 673 601 ἔστησαν
700 516 737 583 έν
763 521 816 606 τῷ
836 525 906 605 ναῷ
928 519 993 603 πρὸ
1017 527 1077 583 τοῦ

57 622 199 706 ἀδύτου,
226 624 309 688 κατὰ
331 627 410 701 τοῦς
433 623 555 702 αὐτοὺς
575 628 700 701 τόπους
722 624 782 702 οὓς
802 621 859 689 καὶ
881 627 955 691 τότε
978 623 1016 690 ἐν
1038 634 1077 711 τή

14 737 163 814 ιισκηνῇ
185 731 333 813 κείμενοι
355 742 522 816 κατεῖχον,
546 728 602 796 καὶ
624 731 683 808 τὰς
704 732 932 819 καθημερινὰς
953 736 1078 808 θυσίας

57 833 233 921 ἀνέφερον.
288 837 411 920 <105>
446 839 484 902 τὸ
517 833 555 902 δέ
586 838 830 923 θυσιαστήριον
861 839 899 904 τὸ
931 844 1078 924 χαλκοῦν

56 940 167 1024 ἵστησι
180 943 245 1027 πρὸ
259 947 321 1007 τοῦ
333 951 419 1008 ναοῦ
436 942 573 1029 ἀντικρὺ
591 952 650 1028 τῆς
663 944 783 1030 θύρας,
802 945 847 1021 ὡς
863 944 1078 1030 ἀνοιχθείσης

56 1047 139 1112 αὐτὸ
162 1049 245 1113 κατὰ
266 1050 447 1134 πρόσωπον
470 1044 567 1132 εἶναι,
587 1046 643 1114 καὶ
662 1047 845 1132 βλέπεσθαι
867 1052 926 1128 τας
947 1052 1076 1137 ίερονρ-

56 1156 133 1235 γίας
154 1151 210 1218 καὶ
226 1154 299 1237 ’τήν
325 1164 394 1220 τῶν
420 1161 554 1220 θυσιῶν
579 1154 805 1222 πολυτέλειαν.
850 1158 892 1222 τά
916 1154 954 1222 δέ
971 1159 1077 1224 λοιπά

16 1277 44 1318 1⁰
57 1260 159 1342 σκεύη
182 1261 290 1326 πάντα
317 1264 499 1338 συναλίσας
512 1262 513 1265 ’
526 1262 626 1327 ἔνδον
649 1265 697 1340 είς
719 1263 779 1327 τὸν
801 1264 886 1327 ναὸν
907 1262 1076 1329 κατέθετο.
1176 1331 1178 1334 ,

126 1367 236 1450 <106>
260 1363 392 1432 ἐπεδδέ
414 1367 522 1433 πάντα
545 1369 826 1452 διακοσμήσαντες
852 1368 889 1433 ολ
914 1370 1013 1454 ίερείς
1035 1369 1110 1440 τάν

55 1470 133 1559 περὶ
155 1473 217 1556 τήν
239 1474 383 1557 κιβωτὸν
406 1473 565 1558 ἐξῆλθον,
592 1477 689 1559 ἀφνω
716 1478 843 1559 πίλημα
869 1472 1012 1559 νεφέλης
1034 1473 1075 1539 οὐ

55 1581 203 1665 σκληρὸν
225 1577 299 1644 οὐδ’
320 1571 395 1645 οἷον
418 1581 488 1668 ὥρᾳ
510 1592 672 1666 χειμῶνος
693 1581 794 1647 ὑετοῦ
811 1579 915 1666 γέμον
935 1582 1075 1666 ἵσταται,

51 1683 239 1770 κεχυμένον
265 1682 304 1751 δέ
327 1684 383 1751 καλ
406 1685 616 1774 κεκραμένον
639 1689 687 1764 είς
701 1686 773 1752 τὸν
799 1689 884 1753 ναὸν
911 1689 1075 1774 εἰσερρύη,
1138 1747 1140 1751 ,

11 1810 38 1852 15
52 1790 109 1857 καὶ
141 1802 214 1870 ταῖς
246 1789 308 1877 μέν
338 1795 434 1870 όψεσι
466 1804 535 1858 τῶν
568 1791 699 1878 ἱερέων,
720 1793 777 1870 ,ὡς
808 1789 892 1877 μηδὲ
922 1799 1076 1877 καθορᾶν

54 1897 230 1981 ἀλλήλους,
253 1896 435 1982 ἐπεσκότει,
461 1911 534 1976 ταῖς
562 1895 599 1963 δὲ
626 1900 793 1975 διανοίαις
819 1909 892 1975 ταῖς
919 1897 1076 1962 ἁπάντων

53 2007 245 2088 φαντασίαν
266 2001 323 2069 καὶ
347 2004 449 2083 δόξαν
472 2016 630 2091 παρεῖχεν
652 2005 697 2082 ὡς
718 2013 778 2070 τοῦ
795 2012 881 2069 θεοῦ
898 2008 1076 2086 κατεληλν-
1103 2020 1104 2023 ’

53 2112 161 2187 θότος
180 2111 228 2186 είς
249 2110 287 2174 τὸ
308 2111 400 2196 ἱερὸν
417 2108 474 2176 καὶ
491 2113 778 2196 κατεσκηνωκότος
794 2109 902 2193 ἡδέως
921 2110 958 2176 ἐν
977 2111 1075 2198 αὐτῷ.
1157 2176 1163 2189 ,

53 2216 165 2299 <107>
184 2213 240 2281 καὶ
263 2218 299 2281 οἳ
314 2212 376 2301 μέν
395 2214 449 2282 ἐπὶ
467 2216 590 2302 ταύτης
608 2213 699 2304 εἶχον
716 2216 839 2296 αὑτούς
856 2227 916 2303 τής
933 2217 1076 2301 ἐννοίας,

14 2323 74 2388 2οό
99 2319 136 2387 δὲ
147 2325 317 2408 ,βασιλεὺς
335 2325 501 2408 Σολομὼν
525 2323 710 2412 ἐξεγερθείς
728 2322 837 2412 (ἐτνχε
857 2327 920 2412 γάρ
939 2328 1076 2403 καθεζό-

55 2427 170 2515 μενος)
195 2427 373 2512 ἐποιήσατο
396 2432 519 2513 λόγους
540 2431 624 2517 πρὸς
646 2433 706 2497 τὸν
727 2436 827 2516 θεόν,
853 2432 913 2509 οὓς
935 2441 974 2517 τῇ
997 2435 1077 2519 θείᾳ

56 2536 157 2620 φύσει
188 2532 375 2621 πρέποντας
405 2536 618 2621 ὑπελάμβανε
644 2534 700 2602 καλ
726 2542 835 2620 καλῶς
867 2533 954 2621 εἶχεν
985 2536 1076 2625 αὐτῷ
1158 2576 1159 2580 =

56 2640 176 2724 λέγειν.
224 2640 293 2705 “σύ’
321 2641 385 2727 γὰρ
413 2636 505 2706 εἶπεν
532 2636 639 2706 ὀἶκον
665 2637 727 2725 μὲν
754 2643 893 2707 αἰώνιον
921 2646 1019 2726 ἐχεις,
1049 2640 1075 2708 ὦ

58 2745 213 2829 δέσποτα,
230 2745 290 2824 κάξ
309 2741 358 2812 ὧν
376 2744 486 2835 σαυτῷ
505 2747 647 2833 εἰργάσω
665 2749 836 2830 γεγονότα,
854 2749 913 2812 τὸν
930 2747 1077 2834 οὐρανὸν

18 2870 43 2910 2⁵
58 2855 200 2938 οἴδαμεν,
219 2850 275 2918 καλ
298 2851 379 2940 ἀέρα
402 2851 458 2918 καὶ
480 2862 545 2938 γήν
562 2850 618 2918 καλ
635 2853 817 2937 θάλατταν,
840 2850 885 2918 δι’
907 2847 955 2919 ὧν
973 2853 1076 2919 ἁπάν-

57 2984 126 3026 των
149 2955 228 3031 οὐδδ
251 2960 382 3037 τούτοις
404 2958 609 3047 ἀρκούμενος
631 2961 828 3047 κεχώρηκας.
873 2960 981 3044 <108>
1000 2969 1076 3025 τοῦ-

56 3091 117 3132 τον
146 3065 185 3132 δέ
211 3067 264 3132 σοι
291 3066 512 3133 κατεσκεύακα
541 3069 601 3134 τὸν
628 3069 712 3134 ναὸν
739 3067 929 3153 ἐπώνυμον,
961 3056 1010 3143 ὡς
1033 3065 1076 3131 ἀν

57 3171 114 3238 ἀπ’
145 3173 249 3238 αὐτοῦ
277 3191 330 3239 σοι
357 3174 416 3249 τδις
444 3171 541 3261 εὐχάς
568 3174 711 3251 θύοντες
739 3171 795 3240 καὶ
824 3178 1076 3259 καλλιεροῦντες

57 3278 303 3364 ἀναπέμπωμεν
323 3281 373 3356 είς
395 3280 455 3344 τὸν
473 3277 564 3365 ἀέρα,
586 3276 642 3344 καὶ
660 3276 872 3362 πεπεισμένοι
895 3279 1077 3362 διατελοίη-

17 3402 44 3442 ³0
57 3409 119 3470 μεν
142 3386 193 3451 ὅτι
211 3385 309 3472 πάρει
327 3383 382 3450 καὶ
401 3387 530 3472 μακρὰν
549 3384 610 3450 οὐκ
629 3382 824 3469 ἀφέστηκας.
868 3393 915 3471 τῷ
933 3381 995 3469 μέν
1013 3386 1076 3472 γάρ
1116 3436 1118 3440 .

131 3512 215 3573 §104
234 3533 267 3553 =
287 3508 510 3577 3Reg.VIII9;
530 3505 752 3562 2Para1.V10.
