2400 3840
536 146 659 196 ENATH
1038 144 1079 208 27
1083 146 1104 208 5

85 310 190 387 θεῖεν,
215 303 508 385 εὐθανατήσοντες.
555 305 642 387 <76>
666 306 790 387 ταύτην
812 306 1021 389 κυρώσαντες
1043 307 1105 389 τήν

86 411 212 493 βουλήν
235 413 354 487 νυκτὸς
376 405 458 493 ήκον
482 413 529 487 είς
552 412 589 475 τὸ
614 412 838 496 στρατόπεδον
860 413 897 476 τὸ
919 423 986 475 τῶν
1009 418 1104 477 πολε-

86 519 178 598 μίων.
215 517 332 600 ήρχετο
353 514 383 580 δ’
404 518 468 600 ήδη
486 519 566 595 τοὺς
584 519 720 602 Σύρους
739 516 895 600 ἐκφοβεῖν
913 516 967 581 καὶ
986 518 1103 603 ταράτ-

13 639 21 654 ·
84 645 154 686 τειν
178 622 196 687 δ
220 625 310 705 θεός,
332 621 388 687 καὶ
410 623 537 689 κτύπον
555 622 713 709 ἁρμάτων
735 621 791 689 καὶ
814 625 924 689 ἵππων
947 623 992 700 ώς
1011 622 1104 708 ἐπερ-

56 750 69 790 5
83 726 225 811 χομένής
239 738 394 811 στρατιᾶς
407 740 480 806 ταῖς
493 728 608 806 ἀκοαῖς
622 730 734 794 αὐτῶν
753 729 893 815 ἐνηχεῖν,
910 727 965 794 καὶ
979 731 1103 812 ταύτην

84 832 249 919 ἐγγυτέρω
263 833 467 920 προσφέρειν
481 835 595 912 αὐτοῖς
608 836 670 918 τήν
683 836 856 902 ὑπόνοιαν.
890 836 975 917 <77>
991 833 1102 918 ἀμέλει

83 949 203 1005 τοῦτον
230 941 290 1005 τὸν
321 944 446 1025 τρόπον
477 939 534 1006 ὑπ’
566 941 668 1024 αὐτῆς
699 940 899 1024 διετέθησαν
931 943 1013 1006 ὥστε
1044 941 1103 1018 τδις

83 1047 205 1128 σκηνάς
229 1045 417 1124 ἐκλιπόντες
439 1045 650 1132 συνέδραμον
677 1050 760 1134 πρὸς
784 1051 844 1114 τὸν
862 1047 1022 1130 Ἄδαδον,
1050 1046 1102 1112 λέ-

82 1175 199 1234 γοντες
217 1152 262 1228 ὡς
277 1150 433 1239 Ἰώραμος
452 1153 470 1219 ὁ
490 1164 557 1219 τῶν
572 1151 783 1241 Ἰσραηλιτῶν
802 1157 957 1238 βασιλεὺς
975 1158 1102 1237 μισθω-

40 1281 68 1319 10
83 1259 224 1342 σάμενος
247 1259 440 1343 συμμάχους
458 1263 518 1325 τόν
536 1283 571 1325 τε
589 1271 657 1326 τῶν
675 1262 871 1343 Αἰγυπτίων
891 1258 1028 1344 βασιλέα
1046 1257 1101 1323 καὶ

81 1365 141 1428 τὸν
164 1376 231 1429 τῶν
253 1366 366 1447 νήσων
388 1363 439 1431 ἐπ’
465 1365 588 1442 αὐτοὺς
610 1367 696 1450 άγει·
724 1368 933 1452 προσιόντων
956 1367 1018 1448 γδιρ
1043 1365 1101 1429 αύ-

82 1480 149 1533 τῶν
177 1469 352 1536 ἐπακούειν
378 1480 439 1536 τοῦ
465 1473 603 1537 κτύπου.
648 1472 744 1554 <78>
772 1479 875 1537 ταῦτα
903 1469 1059 1552 λέγουσιν
1082 1470 1100 1536 ὁ

72 1575 217 1652 ’Ἀδαδος
232 1574 300 1662 (καὶ
320 1579 382 1662 γάρ
402 1574 457 1642 καὶ
476 1578 578 1655 αὐτὸς
591 1587 824 1662 περιεψοφεῖτο
842 1577 906 1659 ήδη
925 1577 983 1652 τάς
1002 1576 1101 1654 άκοδις

82 1682 204 1764 ὁμοίως
227 1690 271 1770 τῷ
294 1683 431 1767 πλήθει)
454 1682 628 1768 προσέσχε,
650 1680 705 1748 καὶ
724 1684 804 1765 μετά
822 1687 947 1766 πολλής
967 1681 1101 1761 ἀταξίας

40 1810 65 1849 15
81 1785 135 1851 καὶ
159 1789 326 1872 θορύβου,
354 1791 590 1865 καταλιπόντες
613 1776 649 1853 ἐν
671 1797 711 1873 τή
734 1791 924 1873 παρεμβολῇ
948 1792 1026 1864 τοὺς
1048 1789 1100 1852 ’ίπ-

80 1915 164 1969 πους
181 1891 237 1958 καὶ
255 1896 295 1958 τά
314 1895 476 1977 ὑποζύγια
495 1893 549 1959 καὶ
568 1900 715 1959 πλούτου
733 1895 901 1977 ἄφθονον,
922 1896 970 1971 είς
987 1894 1101 1978 φυγήν

81 1999 259 2085 ἐχώρησαν.
307 2002 402 2083 <79>
430 2001 465 2065 ολ
490 1997 528 2065 δὲ
555 1998 670 2087 λεπροὶ
700 2000 735 2065 ολ
761 1999 796 2064 ἐκ
823 2008 882 2083 τής
909 2003 1100 2085 Σαμαρείας

80 2105 351 2193 ἀναχωρήσαντες
384 2110 432 2183 είς
462 2107 500 2171 τὸ
532 2117 600 2172 τών
627 2107 752 2191 Σύρων
780 2107 1019 2191 στρατόπεδον,
1052 2101 1099 2170 ὧν
1168 2189 1171 2195 .

79 2213 199 2295 μικρὸν
227 2215 418 2298 ἔμπροσθεν
446 2210 715 2298 ἐπεμνήσθημεν,
732 2213 788 2291 ώς
815 2216 989 2298 γενόμενοι
1016 2213 1099 2298 πρὸς

37 2339 65 2378 εο
80 2326 119 2402 τή
148 2323 338 2404 παρεμβολή
365 2320 493 2404 πολλὴν
520 2319 662 2404 ἡσυχίαν
691 2317 746 2385 καὶ
776 2319 931 2404 ἀφωνίαν
959 2321 1098 2408 ἔβλεπον

80 2418 199 2507 οὖσαν,
227 2423 283 2488 καὶ
310 2429 537 2511 παρελθόντες
565 2425 595 2490 δ’
629 2433 705 2492 είσω
733 2423 789 2492 καὶ
818 2426 1021 2512 ὁρμήσαντες
1051 2426 1098 2500 είς

79 2533 159 2613 μίαν
191 2531 317 2613 σκηνήν
349 2529 460 2596 οὐδέν’
496 2529 609 2616 ἑώρων
642 2530 678 2596 ἐν
712 2530 815 2619 μέσφ,
848 2533 1012 2614 φαγόντες
1042 2527 1097 2594 καὶ

79 2638 211 2713 πιόντες
234 2636 420 2721 ἐβάστασαν
443 2636 568 2720 ἐσθήτα
590 2635 645 2701 καὶ
667 2640 775 2701 πολὺν
797 2637 938 2720 χρυσόν,
965 2634 1020 2698 καὶ
1042 2658 1097 2698 κο-

78 2745 234 2825 μίσαντες
265 2742 324 2820 ἐξω
353 2751 411 2827 τής
439 2746 649 2828 παρεμβολῆς
676 2744 836 2826 ἔκρυψαν·
868 2741 963 2824 <80>
995 2736 1093 2804 ἔπειτ’

36 2866 63 2906 25
79 2851 126 2924 είς
159 2847 275 2934 ἑτέραν
307 2849 433 2933 σκηνήν
463 2851 700 2935 παρελθόντεςΙ
720 2848 842 2933 ὁμοίως
873 2848 912 2911 τά
945 2845 982 2912 ἐν
1013 2846 1096 2931 αὐτή

78 2954 180 3018 πάλιν
207 2953 409 3040 ἐξεκόμισαν.
453 2953 507 3019 καὶ
535 2952 624 3019 τοῦτ’
655 2953 815 3037 ἐποίησαν
844 2953 1006 3039 τετράκις,
1036 2976 1095 3036 μη-

78 3061 175 3137 δενὸς
206 3061 320 3138 αὐτοῖς
358 3062 441 3138 ὅλως
476 3060 749 3144 ἐντυγχάνοντος·
787 3061 870 3126 ὅθεν
907 3059 1096 3139 εἰκάσαντες

78 3164 366 3251 ἀνακεχωρηκέναι
388 3169 465 3243 τοὺς
491 3170 671 3249 πολεμίους
697 3169 940 3248 κατεγίνωσκον
968 3162 1095 3229 ἑαυτῶν

77 3273 121 3355 μή
150 3281 252 3337 ταῦτα
281 3272 474 3355 δηλούντων
505 3281 550 3360 τῷ
574 3270 719 3362 Ἰωράμφ
751 3269 805 3336 καὶ
838 3281 909 3347 τοῖς
937 3272 1094 3347 πολίταις.

36 3379 174 3461 80<81>
204 3375 258 3443 καὶ
289 3382 325 3444 οἳ
352 3375 413 3463 μὲν
443 3377 600 3456 ἐλθόντες
631 3380 715 3463 πρὸς
746 3380 783 3443 τὸ
816 3385 874 3460 τής
904 3379 1095 3463 Σαμαρείας

150 3506 164 3564 ξ
181 3504 213 3552 76
234 3526 266 3544 =
286 3506 302 3552 4
316 3499 386 3568 Reg.
401 3499 452 3552 VII
467 3506 491 3555 4.

903 3583 961 3636 KQ*
