2400 3840
390 107 600 165 ADNO'IATIO
620 111 771 168 CRITICA.
974 118 1091 174 XXXIII

70 261 200 332 πέμψας·
229 263 264 317 de
288 263 416 319 codicum
437 266 605 322 lectionibus
627 268 740 324 Niesius
764 273 905 338 αύτολεξελ
926 274 969 328 ita
990 277 1089 332 refert:

70 347 118 404 ἐπὶ
137 351 254 414 τούτους
271 353 430 422 *λάμψας
449 357 515 423 post
532 358 597 418 τοὺς
615 356 709 410 tineae
728 374 822 412 morsu
838 360 910 414 duae
927 362 1027 418 lIterae
1045 365 1088 419 ita

69 443 259 508 evanuerunt,
278 443 310 494 ut
329 441 447 510 exiguae
465 443 615 512 reliquiae,
640 461 711 512 quae
731 445 823 499 adhue
842 451 1003 518 cernuntur,
1023 451 1087 506 lite-

68 545 194 582 rarums
214 531 271 582 etl
290 546 350 584 esse
370 529 527 599 videantur,
547 531 688 586 doertum
704 534 793 602 estR,
813 529 860 588 aa
878 536 986 598 τούτοις
1005 533 1088 608 ἐλαμ-

67 625 126 684 aas
147 617 179 685 Ο,
200 612 247 670 ε’ττλ
264 618 379 681 τούτους
396 617 510 689 πέμψας
529 621 675 689 MSPLV,
700 629 796 678 eontra
814 641 881 693 quos
899 625 987 680 denuo
1007 625 1086 682 Sala-

67 708 206 760 υιαιιαεελε
226 737 258 745 -
277 708 422 777 latapetra
439 708 501 762 Lat.
538 707 610 762 Hine
630 709 772 777 profectus
790 710 904 765 Niesius
924 711 1022 767 elicuit
1040 710 1087 768 ε’ττλ

68 793 170 847 τούτου
194 793 348 863 Σελάμψας
371 795 461 863 deque
485 812 519 849 ea
543 795 682 865 scriptura
705 797 863 866 disputavit
884 799 976 854 Praef.
999 802 1054 855 vol.
1074 802 1087 855 I

66 900 94 950 p.
106 881 233 951 XXXIII,
253 885 285 936 ut
300 883 463 937 ostenderet
479 883 583 938 ceditis
597 884 688 954 Regii,
708 901 829 953 quocum
844 887 1008 942 Oxoniensis
1027 889 1086 944 fere

67 970 221 1039 conspirat,
241 971 325 1039 plane
345 970 517 1039 singularem
531 988 592 1026 esse
606 973 818 1042 praestantiam,
836 992 888 1029 neo
904 978 1000 1030 tamen
1013 977 1085 1031 mihi

64 1059 237 1127 persuadere
260 1059 360 1127 potuit.
398 1059 523 1114 Primum
541 1060 749 1130 salmanassar,
774 1062 849 1129 quod
868 1063 974 1118 Tielius
997 1065 1083 1119 inter-

63 1148 183 1214 rogatus
203 1163 247 1200 me
267 1146 374 1215 doouit,
393 1164 532 1214 nusquam
551 1148 712 1216 Selampsas
731 1147 835 1202 dieitur
853 1165 942 1218 eaque
960 1152 1081 1207 nominis

63 1234 157 1288 forma
181 1236 247 1290 ante
270 1235 399 1289 Niesium
421 1236 506 1304 plane
528 1235 657 1289 inaudita
681 1239 749 1290 erat.
792 1236 1011 1294 Concedo‘sane
1035 1236 1082 1294 aa

63 1323 181 1385 τούτους
195 1339 256 1376 esse
271 1325 432 1392 corruptum
447 1326 476 1376 et
485 1326 604 1392 apparet
618 1319 665 1378 ἐπὶ
675 1325 775 1379 τούτου
789 1325 995 1380 restituendum
1010 1345 1080 1398 esse,

65 1411 143 1477 quod
164 1410 278 1464 Niesius
301 1411 446 1465 verissime
470 1411 643 1479 observavit3
668 1413 718 1466 sed
740 1411 770 1466 in
792 1413 943 1483 participio
967 1413 1081 1485 πέμψας

62 1498 105 1552 sio
125 1498 254 1553 absolute
273 1497 366 1568 posito
385 1499 469 1568 plane
487 1499 567 1552 nulla
585 1503 629 1554 est
643 1499 760 1554 offensio
777 1502 806 1553 et
820 1500 902 1555 eredo
917 1501 1078 1556 Salmanas-

61 1603 157 1640 sarem
175 1586 282 1640 bellum
300 1586 395 1654 legato
416 1587 528 1640 auidam
547 1605 597 1642 suo
616 1589 770 1657 gerendum
788 1589 976 1659 mandavisse,
996 1590 1080 1645 sicuti

59 1674 284 1743 Babyloniorum
301 1691 350 1728 rex
368 1674 438 1728 facit
456 1676 481 1729 X
496 1681 511 1741 ἓ
525 1681 573 1730 4οι
592 1673 706 1745 πέμψας
723 1675 774 1744 τὴν
793 1677 887 1746 χώραν
906 1672 1078 1748 ἐλεηλάτησε,

58 1764 106 1817 vel
126 1769 198 1829 §99¹
237 1764 376 1831 Interpres
395 1761 512 1816 Latinus
534 1762 654 1815 absurde
678 1769 774 1818 οοιιλνο
797 1781 864 1832 quos
882 1767 911 1818 et
933 1767 1078 1834 proprium

59 1867 165 1905 nomen
184 1851 219 1905 de
239 1869 288 1905 suo
307 1850 457 1905 inseruisse
475 1849 587 1904 videtur
601 1850 838 1917 quemadmodum
856 1850 957 1904 itidem
970 1853 1078 1907 factum

59 1942 105 1993 est
124 1938 155 1992 in
169 1938 300 2008 Epitome
314 1939 368 2003 X§
385 1945 416 1993 15
436 1940 465 1991 et
482 1937 547 1990 VIII
562 1942 577 2001 5
592 1942 644 1990 223
663 1936 693 1988 ln
711 1936 814 1990 Latiae
831 1936 959 1992 versione
978 1942 1007 1993 et
1025 1940 1078 1994 VII

58 2034 74 2093 ξ
95 2033 147 2082 211
169 2029 198 2080 et
217 2027 299 2094 alibi3
322 2027 402 2080 nulla
424 2041 470 2079 ars
494 2024 598 2080 efficiet
619 2040 752 2093 umquam
770 2026 803 2077 ut
821 2024 983 2094 Selampsae
1003 2043 1076 2081 eom-

58 2115 225 2170 menticium
243 2131 345 2168 nomen
368 2113 428 2167 eius
447 2111 617 2166 auctoritate
636 2112 820 2165 confirmetur.
859 2111 888 2166 si
911 2112 973 2180 quis
992 2118 1076 2183 putat

56 2204 245 2257 Menandrum
258 2202 348 2271 ipsius
359 2199 580 2256 Salmanassaris
594 2216 696 2254 nomen
708 2192 813 2269 ponere
828 2199 967 2271 debuisse,
981 2202 1075 2257 locum

56 2291 144 2344 velim
159 2293 290 2344 accurate
305 2290 446 2358 expendat
460 2290 489 2342 et
502 2286 626 2341 mutabit
644 2291 689 2342 sat
706 2287 762 2342 seio
778 2288 956 2343 sententiam.
989 2291 1074 2346 Haud

56 2378 294 2433 contemnendum
312 2376 447 2431 indicium
465 2376 540 2430 inest
557 2378 587 2428 in
606 2383 621 2442 ξ
637 2382 697 2444 283,
717 2392 790 2444 quae
808 2377 940 2445 perplexe
960 2379 1074 2446 quidem

56 2467 164 2537 scripta
189 2468 244 2534 est,
269 2466 318 2519 sed
340 2465 432 2534 prima
454 2463 552 2532 utique
574 2463 660 2518 verba
683 2480 717 2517 ex
739 2463 801 2533 ipso
819 2465 975 2519 Menandro
999 2470 1073 2522 sunt.

55 2553 170 2623 Iosephi
183 2569 289 2608 morem
304 2569 440 2622 cognosce
454 2553 491 2618 15
504 2558 566 2607 158:
581 2552 751 2622 μνημονεύει
765 2551 796 2606 δὲ
810 2561 860 2606 τοῦ
875 2553 980 2622 πατρὸς
993 2553 1072 2624 ἡμῶν

51 2641 188 2714 Ἁβράμου
204 2640 341 2711 Βηρωσός,
360 2643 411 2696 ούιι
425 2640 577 2710 ὀνομάζων.
610 2639 737 2706 Denique
755 2638 800 2691 bis
819 2639 924 2693 diserte
943 2639 1072 2709 legimus,

55 2736 137 2795 §283
158 2732 188 2783 et
206 2736 221 2794 ς
236 2736 296 2797 287,
321 2728 541 2783 Salmanassaris
564 2743 667 2781 nomen
690 2728 801 2779 exstare
825 2721 856 2779 ἐν
879 2732 937 2786 τοῖς
962 2728 1072 2796 Τυρίαν

54 2818 191 2887 ἀρχείοις,
215 2816 292 2870 idem
315 2816 349 2870 de
372 2817 525 2871 Menandro
547 2814 683 2883 Iosephus
707 2814 777 2866 adeo
800 2828 858 2867 non
880 2813 1015 2882 affirmat,
1040 2818 1072 2869 ut

53 2921 158 2974 negare
177 2904 320 2959 videatur:
339 2911 478 2974 μαρτυρεῖ
491 2904 523 2959 δὲ
540 2904 650 2966 τούτοις
667 2902 716 2957 καλ
729 2898 908 2972 Μένανδρος.
942 2901 1072 2958 Ceterum

53 2992 192 3046 Flaviana
210 2993 282 3047 haee
300 2993 449 3059 ἀλαζονεία
468 2995 525 3061 est,
544 3009 610 3045 nam
628 2991 689 3060 ipse
707 2991 769 3045 vult
787 2991 935 3059 Tyriorum
953 2992 1071 3046 annales

52 3081 210 3151 inspexisse
229 3080 333 3149 videri,
357 3098 426 3149 quos
448 3097 506 3135 non
527 3079 619 3149 magis
637 3080 709 3148 legit
731 3096 817 3147 quam
838 3081 871 3132 tu
888 3078 935 3132 vel
954 3095 1014 3146 ego.
1036 3111 1068 3119 —

53 3174 134 3235 §285
155 3170 219 3238 ούχ·
239 3170 315 3241 αύτῷ
334 3170 385 3239 ούχ
400 3169 511 3225 SPLV.
532 3201 563 3208 -
584 3174 666 3234 §286
685 3168 702 3236 ἡ
721 3166 787 3237 τιμή
800 3167 862 3235 Bk,
880 3164 946 3234 τιμή
964 3165 1020 3233 vlg.
1035 3196 1068 3206 ·-

52 3262 135 3322 §287
155 3257 370 3311 διακωλύσουσι·
391 3256 576 3310 διααωλύουσι
590 3255 651 3309 Re.
673 3287 704 3294 -
725 3258 807 3321 §287
826 3252 979 3322 ἀρύεσθαι·
1000 3252 1069 3322 ἀρύ-

51 3349 160 3399 σασθαι
178 3344 266 3400 MSP.
285 3376 322 3384 -
340 3350 421 3410 §289
440 3343 548 3413 λοιμόν·
573 3342 667 3412 λοιμός
685 3340 832 3395 MsPLat.
859 3370 891 3379 -
918 3345 1000 3405 §289
1019 3341 1070 3395 aul

50 3434 192 3503 μηδεμίαν
201 3431 321 3500 MSPV,
337 3431 542 3502 ούδεμίανΡυΟ.
557 3462 591 3473 -
606 3438 621 3497 ξ
637 3437 689 3486 290
704 3426 898 3498 διδαχθέντες·
914 3427 1067 3499 ταχθέντες

103 3531 232 3572 Iosnms.
255 3531 287 3570 11.
891 3533 906 3569 c
