2400 3840
88 162 126 217 VI
400 157 612 214 ADNOTATIO
632 155 781 213 CRITICA.

88 320 255 382 σαλεύοντος
272 321 303 375 Ε.
333 350 366 360 -
395 324 481 386 5217
505 317 573 386 quid
597 320 640 370 est
662 317 694 371 τὸ
717 316 937 384 κατακείμενονῖ
963 346 994 354 -
1019 319 1034 380 5
1055 321 1110 371 217

88 411 271 481 ἀσθμαίνειν·
297 410 432 464 ἀσθενεῖν
451 406 571 474 ROSP,
596 407 775 461 ἀσθενοῦντα
793 404 825 473 Ε,
849 405 967 459 dormire
990 403 1053 457 Lat.
1075 435 1110 444 -

87 505 103 565 5
119 504 170 554 219
181 499 348 553 ἀποκτενεῖν
358 496 384 550 Ν
386 514 416 564 ε,
436 496 614 550 ἀποκτείνειν
629 494 685 562 vlg.
699 525 736 534 -
750 498 827 559 5219
841 493 1006 546 ἀποκτεῖναι
1017 491 1110 561 MSP,

87 589 250 643 ἀποθανεῖν
267 585 338 655 τελλ,
353 587 454 656 perimi
467 585 529 638 Lat.
545 615 579 625 —
595 588 610 649 5
625 588 677 638 220
691 581 761 651 μετὰ
779 589 828 636 τοῦ
842 585 914 636 θεοῦ
928 580 1018 648 MSP,
1038 581 1111 649 μετὰ

87 686 136 732 τοῦ
155 681 250 747 θυμοῦ
266 677 298 743 R,
318 673 388 744 μετὰ
400 676 496 743 θυμοῦ
512 672 543 727 Ο.
558 704 594 712 -
607 677 622 738 5
637 677 685 725 221
708 671 779 740 πρὸς
792 669 891 725 αῦτύν·
912 665 958 725 ἐπ’
975 668 1064 724 αύτόν
1077 670 1111 726 Ε.

87 797 122 807 -
141 772 224 832 5224
243 759 405 835 ἐπιβουλῆς·
426 763 527 835 βουλῆς
542 760 605 816 ΕΟ.
624 791 658 800 -
679 764 762 825 5224
780 758 950 829 πράττοντα·
970 758 1112 827 προστάτ-

86 874 172 910 τοντα
194 852 257 908 RO.
281 883 317 893 -
341 856 356 917 5
376 855 428 905 225
452 848 573 920 ε’ύμνυεν·
599 848 716 918 ὄμνυσιν
734 848 767 904 Ε.
792 878 825 888 -
850 853 935 913 5226
960 842 1008 914 ἐφ’
1035 846 1110 902 ούτοο

86 938 287 1014 πιστωσαμένη)
309 943 338 993 et
355 956 410 995 om.
430 940 481 994 ούκ
501 936 611 993 ἔπεισεν
630 937 719 992 MSP.
737 968 774 977 —
792 941 807 1002 5
822 941 874 989 229
894 935 1029 1005 μηνύσειν
1047 936 1110 1007 Ns„

88 1030 206 1101 μηνύειν
226 1029 281 1098 vlg.
304 1061 340 1070 -
363 1033 445 1095 5233
468 1025 628 1098 ἔμπροσθεν
652 1027 750 1080 αὐτοῦ·
775 1024 825 1080 καὶ
848 1023 884 1079 ἀν
907 1032 996 1078 ταῦτα
1020 1031 1110 1093 φησὶν

87 1118 211 1190 ἀκούσῃς
233 1117 297 1172 add.
317 1116 398 1172 ROE
417 1119 504 1184 abque
527 1115 593 1170 hinc
614 1115 699 1184 paulo
719 1130 816 1183 supra:
840 1113 888 1168 καλ
906 1115 971 1184 τρία
987 1112 1110 1168 ἀκόντια

88 1205 119 1262 δὲ
144 1207 244 1280 βαλών.
270 1237 303 1248 -
327 1211 413 1272 5236
433 1199 612 1260 ἐπυνθάνετο
635 1202 714 1273 παρὰ
736 1223 759 1256 τ.
778 1221 821 1258 π.·
844 1200 923 1273 παρά
946 1218 999 1255 om.
1019 1202 1051 1256 E.
1072 1233 1109 1244 -

88 1300 104 1360 5
119 1301 170 1350 237
186 1295 360 1365 αὐτομόλων·
379 1295 412 1349 ἀι
429 1295 542 1349 muliere
555 1295 629 1349 ultro
642 1295 734 1350 νύνκυι
747 1298 888 1363 appetente
900 1292 963 1345 Lat.
980 1323 1012 1331 —
1028 1297 1108 1356 5237

87 1380 152 1452 μήτ’
178 1381 264 1436 αύτύν
287 1382 347 1449 Df.‚
372 1378 440 1452 μηθ’
465 1380 551 1436 αύτύν
574 1381 630 1449 vlg.
655 1411 688 1420 -
713 1386 794 1446 5242
816 1379 958 1435 θάνατον·
983 1380 1109 1451 πόλεμον

87 1469 185 1524 ROM.
209 1501 245 1510 —
268 1475 283 1536 5
303 1476 354 1524 242
373 1469 425 1538 τὴν
451 1467 557 1523 αἰτίαν·
584 1470 616 1523 τὸ
642 1471 734 1524 αἴτιον
751 1469 784 1524 Ε.
807 1500 842 1510 -
869 1473 955 1535 5245
975 1467 1108 1541 διέφυγε·

89 1555 176 1628 ἔφυγε
191 1557 223 1613 Ε.
242 1589 277 1598 -
295 1564 310 1624 5
325 1563 376 1612 245
391 1559 509 1628 μανίαν·
530 1559 633 1628 μανίας
646 1557 734 1613 MSP.
750 1589 784 1599 —
800 1563 815 1624 5
831 1564 882 1613 245
897 1556 1033 1629 γενέσθαι
1046 1558 1108 1629 Ns„

87 1644 261 1715 γενήσεσθαι
274 1645 370 1700 ΕΟΜ.
386 1676 419 1686 -
435 1651 450 1712 5
465 1652 518 1702 246
536 1647 607 1718 πρὸς
621 1644 719 1700 αύτόν·
739 1643 808 1716 παρ’
825 1645 912 1701 αὐτόν
925 1646 957 1703 Ε.
973 1676 1006 1686 -
1024 1651 1039 1712 5
1054 1652 1107 1701 247

88 1735 181 1804 χρεία·
201 1732 269 1805 χρέα
284 1735 344 1789 Hw.
362 1766 399 1776 --
417 1740 433 1802 5
448 1741 500 1790 248
515 1732 773 1806 προσγεγενημένης
786 1736 824 1804 Μ,
843 1733 1029 1805 γεγενημένης
1045 1736 1106 1790 rell.

88 1853 122 1863 -
142 1829 157 1889 5
177 1829 229 1878 248
249 1821 300 1887 ἕως
319 1823 355 1878 ἀν
373 1829 431 1897 γνῷ
447 1824 521 1893 Em,
542 1821 593 1887 ἕως
611 1823 647 1878 ἀν
666 1823 780 1893 ἀπογνῶ
799 1823 983 1893 ΜΒΡΕΙοιθ,
1004 1822 1054 1887 ἕως
1072 1821 1106 1879 ού

88 1906 140 1967 ἐπί
154 1913 217 1970 RO.
256 1913 394 1986 Gorrupta
412 1913 498 1969 verba
518 1916 591 1970 sunt.
605 1919 670 1980 -5
689 1918 741 1968 248
759 1911 823 1968 κατ’
845 1912 943 1968 αὐτόν·
963 1911 1034 1969 καθ’
1056 1914 1108 1969 αύ-

89 1999 138 2055 τύν
156 2001 213 2069 vlg.
238 2033 272 2043 -
296 2009 311 2069 5
331 2009 384 2059 250
402 2003 454 2072 ὑφ’
476 1999 509 2058 ού
528 2003 619 2072 ΜΒΡ,
639 1998 690 2072 ἐφ*
708 1997 741 2058 ού
759 2002 822 2071 ΒΟ,
842 1997 890 2073 ἐφ’
911 1997 933 2076 ᾧ
952 2001 984 2058 δέ
1002 2002 1052 2058 Ne.
1072 2035 1106 2045 —

87 2091 170 2151 5251
190 2088 328 2151 τόπος-
347 2089 636 2162 προσαγορευόμενος·
660 2090 744 2153 τύπος
766 2085 803 2160 ἦν
825 2111 867 2154 τις
890 2091 952 2146 ΕΟ.
990 2091 1105 2146 Minime

89 2173 160 2226 mihi
173 2176 316 2242 persuasit
329 2177 378 2233 Ns.
391 2178 482 2232 Praef.
493 2178 546 2233 vol.
558 2179 571 2231 Ι
584 2196 611 2247 p.
622 2178 759 2248 XXXVII,
774 2178 808 2233 ef.
820 2185 905 2244 5262.
923 2212 954 2221 -
968 2186 984 2246 5
995 2188 1046 2236 251
1057 2181 1107 2236 καὶ

86 2261 190 2328 τάξεως
207 2262 282 2332 Hw.‚
306 2263 409 2329 τάξεως
428 2264 523 2333 codd„
546 2264 595 2319 καὶ
612 2271 661 2333 τῆς
678 2263 783 2331 τάξεως
800 2266 865 2322 Em.
889 2299 923 2307 -
947 2274 962 2334 5
982 2274 1034 2324 256
1054 2271 1105 2324 σὸν

87 2366 139 2405 om.
157 2351 189 2405 Ε.
214 2382 247 2391 -
271 2357 286 2417 5
307 2356 358 2407 256
376 2352 445 2421 ἤδη·
468 2350 523 2424 ,ἤθη
542 2353 591 2409 Νε.
603 2356 636 2423 (1)
660 2383 694 2394 -
718 2357 803 2420 5257
822 2361 860 2428 τῷ
883 2355 972 2426 μηδέν
990 2357 1049 2427 NS„
1073 2360 1105 2414 τὸ

87 2435 176 2508 μηδὲν
195 2438 250 2507 vlg.
272 2471 306 2480 -
325 2446 341 2506 5
357 2447 408 2496 259
428 2441 579 2516 ἀπολογίη·
599 2441 732 2512 ὁμολογία
750 2442 814 2512 RO,
833 2447 1025 2513 consessionem
1042 2448 1104 2504 Lat.

85 2559 123 2568 -
141 2533 156 2594 5
175 2532 227 2582 259
246 2528 316 2598 μετά
340 2537 389 2599 τῆς
409 2538 507 2599 γενεᾶς
530 2547 583 2584 om.
602 2530 666 2586 ΒΟ.
691 2563 725 2572 -
749 2537 836 2599 5260
855 2534 980 2604 ὁμοίους·
1005 2535 1107 2606 ὁμοίως

85 2614 136 2671 Νε.
161 2649 197 2658 -
223 2622 310 2684 5260
325 2617 401 2686 parii
418 2618 528 2673 numeri
550 2620 701 2675 traduntur
723 2624 783 2692 305,
803 2627 845 2692 85,
865 2629 918 2680 385
942 2627 971 2679 οῦ
989 2631 1050 2694 530,
1070 2627 1104 2683 ef.

86 2711 102 2771 5
121 2712 181 2763 268.
205 2739 241 2748 -
264 2713 279 2773 5
299 2714 350 2763 261
371 2708 423 2763 δύο
442 2725 496 2764 om.
516 2710 548 2765 Ε.
572 2741 606 2751 -
629 2716 715 2776 5262
734 2713 912 2784 καταβαλών·
938 2716 1106 2788 καταλαβών

86 2793 149 2848 RO.
168 2826 203 2835 -
222 2801 236 2860 5
252 2801 303 2850 262
323 2797 391 2853 αῦτό
410 2796 470 2852 Hw.
488 2797 546 2867 Ns„
566 2799 670 2854 αύτόθι
687 2799 743 2869 vlg.
761 2833 793 2841 -
810 2807 824 2866 5
840 2807 891 2856 263
910 2803 1035 2857 δίκαιον·
1056 2802 1106 2874 με’-

85 2879 164 2950 τριόν
182 2900 211 2936 τε
230 2881 279 2935 καὶ
298 2885 410 2938 δίκαιον
429 2885 491 2941 RO.
515 2918 550 2929 -
573 2893 588 2953 5
608 2893 660 2943 263
679 2889 749 2959 πρὸς
767 2890 841 2962 αύτῷ
860 2889 918 2960 Νε,
942 2892 1012 2961 πρὸς
1035 2893 1104 2948 αύτύ

85 2968 141 3038 vlg.
158 3000 191 3010 —
207 2975 222 3035 5
238 2975 289 3024 268
305 2968 420 3028 ἔννοιαν
434 2974 488 3043 Di,
508 2976 623 3032 εύνοιαν
637 2976 692 3046 vlg.
709 3009 745 3018 —
759 2983 774 3044 5
789 2983 840 3033 265
859 2976 876 3047 ἢ
896 2979 945 3033 6ιά
958 2979 1010 3048 τὴν
1025 2975 1105 3048 ἐξου-

86 3059 164 3113 σίαν·
183 3055 201 3127 ἢ
220 3058 255 3128 νὴ
275 3062 332 3114 Δία
349 3062 401 3131 τὴν
420 3058 551 3130 ἐξουσίαν
569 3065 618 3120 Νε.
630 3068 664 3136 (2)
682 3098 719 3107 -
737 3073 752 3134 5
770 3073 823 3122 266
844 3062 1103 3137 ἕθελοκακήσαντες

85 3145 143 3216 Nn,
164 3144 350 3218 ἐθελήσαντες
362 3150 419 3220 vlg.
439 3183 473 3193 -
492 3159 572 3219 5267
589 3151 682 3218 ὅσους·
702 3153 751 3218 ούς
764 3154 811 3209 Ns,
826 3186 860 3195 -
875 3162 890 3223 5
904 3161 956 3211 268
975 3156 1024 3210 καὶ
1037 3158 1102 3225 τήν·

84 3236 137 3288 καί
152 3252 206 3292 om.
220 3237 282 3305 Ro,
302 3238 352 3292 καλ
369 3238 421 3308 τὴν
440 3234 487 3294 ἐπὶ
505 3247 563 3304 τοῖς
581 3248 688 3311 κριταῖς
706 3244 850 3297 πολιτείαν
867 3243 963 3313 spuria
976 3243 1038 3298 visa
1052 3246 1101 3303 Ns.

84 3353 118 3363 —
138 3328 153 3389 5
173 3330 225 3380 268
243 3326 336 3400 τρόπῳ
355 3327 413 3396 Νι,
438 3323 470 3383 ἐν
488 3328 582 3403 τρόπῳ
600 3331 656 3400 vlg.
680 3363 716 3372 -
739 3337 754 3398 5
774 3337 825 3388 269
845 3334 1025 3402 διασωθῆναι
1048 3351 1101 3390 om.

84 3409 147 3480 ΕΟ,
168 3413 320 3477 διασωθείς
338 3415 369 3471 Ε.
388 3448 425 3458 -
443 3422 458 3483 5
473 3423 525 3472 269
544 3426 599 3471 τῶν
619 3417 731 3475 οἰκείων
749 3422 824 3493 αύτῷ
842 3420 874 3489 Ε,
894 3421 981 3476 αὐτοῦ
999 3421 1056 3492 vlg.
1067 3456 1103 3465 -—

82 3503 168 3563 5270
187 3499 283 3571 με’νειν
297 3503 357 3560 Hw.
372 3504 431 3575 Ns„
449 3505 480 3561 τὸ
500 3503 596 3576 με’νειν
614 3506 671 3576 vlg.
686 3540 719 3550 -
737 3515 751 3576 5
766 3516 817 3566 271
836 3517 885 3564 τοῦ
904 3512 976 3565 θεοῦ
995 3509 1056 3565 διά·
1077 3509 1105 3567 εί
