2400 3840
116 143 161 209 60
485 143 759 197 εοεωοεοωεε

81 321 97 370 2
115 305 268 388 Δαυίδης
286 302 317 371 δ’
339 304 470 372 ἐκεῖθεν
487 306 570 392 ύρας
587 310 636 382 είς
653 328 728 371 τινα
746 307 849 370 τόπον
865 304 996 386 Καινὴν
1014 310 1136 370 καλου-

117 410 221 497 μένην
241 419 307 496 τής.
319 415 470 497 Ζιφήνης
487 416 714 498 παραγίνεται,
738 413 785 488 είς
803 409 843 476 ὃν
859 407 1018 492 Ἰωνάθης
1037 411 1055 475 ὁ
1074 420 1136 476 τοῦ

117 519 275 584 Σαούλου
311 530 390 596 παῖς
425 517 604 603 συμβαλὼν
636 516 725 605 αύτῷ
756 515 813 583 καὶ
843 517 1136 601 κατασπασάμενος

116 628 260 710 θαρρεῖν
287 648 322 691 τε
348 622 405 690 καὶ
425 625 569 711 χρηστὰς
594 621 671 709 περὶ
693 633 760 689 τῶν
783 626 973 708 μελλόντων
999 622 1137 700 ἐλπίδας

118 732 205 815 ἐχειν
227 730 418 816 παρεκάλει,
443 727 500 796 καλ
527 730 572 815 μή
594 728 734 814 κάμνειν
761 741 832 806 τοῖς
855 739 1013 815 παροῦσι·
1042 733 1162 813 βασι-ε

117 837 249 903 λεύσειν
271 837 333 920 γάρ
357 835 475 920 αύτόν,
501 833 559 903 καὶ
584 844 695 902 πᾶσαν
723 835 785 918 τὴν
804 833 966 921 Ἑβραίων
990 837 1136 920 δύναμιν

117 940 204 1021 ἕξειν
229 937 290 1026 ὑφ’
317 941 421 1030 αὑτῷ,
449 946 563 1025 φιλεῖν
590 937 628 1007 δέ
655 943 697 1007 τά
723 950 861 1006 τοιαῦτα
888 943 952 1006 σὺν
979 941 1138 1026 μεγάλοις

117 1046 268 1113 ἀπαντᾶν
289 1049 415 1124 πόνοις.
460 1048 571 1132 <276>
592 1047 695 1113 πάλιν
718 1044 749 1113 δ’
771 1047 892 1133 ὅρκους
914 1047 1137 1132 ποιησάμενος

117 1160 176 1236 τῆς
202 1153 250 1231 είς
276 1153 407 1219 ἅπαντα
428 1155 488 1220 τὸν
515 1156 592 1238 βίον
618 1154 702 1240 πρὸς
728 1153 894 1235 ἀλλήλους
921 1153 1053 1230 εὐνοίας
1080 1151 1137 1218 καὶ

116 1261 267 1343 πίστεως,
288 1256 344 1324 καὶ
367 1260 427 1327 τὸν
448 1261 533 1326 θεὸν
550 1260 701 1346 μάρτυρα
718 1257 860 1338 καλέσας
883 1254 931 1326 ὧν
950 1258 1136 1345 ἐπηράσατο
1152 1280 1177 1320 10

117 1364 207 1453 αύτῷ
228 1365 416 1451 παραβάντι
432 1367 473 1431 τά
492 1369 691 1451 συγκείμενα
707 1363 764 1431 καὶ
781 1364 1034 1454 μεταβαλομένφ
1054 1368 1137 1452 πρὸς

117 1469 288 1554 τάναντία,
309 1473 370 1538 τὸν
392 1467 453 1556 μὲν
475 1471 598 1539 αύτόθι
615 1475 805 1538 καταλείπει
827 1473 927 1558 μικρά
946 1483 1013 1537 τῶν
1032 1495 1137 1556 φρον-

117 1577 222 1642 τίδων
242 1574 383 1643 καὶτοῦ
406 1576 505 1656 δέους
527 1577 760 1663 ἐπικουφίσας,
787 1577 887 1655 αὐτὸς
912 1574 950 1642 δέ
971 1579 1055 1663 πρὸς
1078 1579 1137 1643 αὑ-

117 1683 178 1748 τὸν
200 1680 423 1769 ἐπανέρχεται
446 1684 567 1768 ,<2’ί“ί>
586 1684 621 1751 ολ
637 1679 676 1749 δέ
695 1680 840 1768 Ζιφηνοὶ
862 1686 1069 1769 χαριζόμενοι
1091 1694 1136 1771 τῷ

118 1788 263 1877 Σαούλφ
289 1790 478 1873 μηνύουσιν
503 1789 593 1878 αὐτῷ
620 1787 699 1876 παρ’
725 1790 839 1866 αὐτοῖς
867 1790 1051 1875 διατρίβειν
1076 1791 1137 1855 τὸν
1153 1811 1179 1852 15

118 1894 289 1978 Δαυίδην,
316 1892 372 1961 καλ
395 1894 608 1982 παραδώσειν
630 1897 760 1981 ἔφασαν
782 1893 834 1961 ἐπ’
859 1895 963 1961 αὐτὸν
985 1894 1136 1961 ἐλθόντι·

95 2050 97 2054 »
118 1999 403 2085 καταληφθέντων
420 2003 484 2088 γάρ
502 2012 570 2069 τῶν
587 2009 646 2086 τῆς
660 2002 812 2086 Ζιφήνης
826 2013 952 2068 στενῶν
970 2001 1031 2066 οὐκ
1051 1999 1137 2068 εἶναι

118 2106 232 2187 φυγήν
254 2105 344 2194 αύτῷ
360 2109 445 2193 πρὸς
463 2109 594 2185 ἄλλους.
626 2107 734 2191 <278>
753 2107 772 2173 ὁ
791 2103 829 2173 δὲ
847 2111 1002 2192 βασιλεὺς
1020 2106 1137 2193 ἐπήνε-

118 2223 178 2274 σεν
199 2210 332 2293 αύτούς,
353 2212 453 2297 χάριν
476 2214 564 2297 ἐχειν
586 2210 793 2297 ὁμολογήσας
812 2215 872 2278 τὸν
899 2212 1024 2299 ἐχθρὸν
1046 2213 1137 2302 αὐτῷ

118 2318 360 2399 μεμνηνυκόσι,
386 2315 443 2382 καὶ
468 2317 531 2383 ούκ
553 2320 602 2395 είς
624 2319 754 2403 μακρὰν
776 2319 978 2404 ἀμείψεσθαι
1002 2328 1061 2402 τῆς
1084 2319 1137 2384 εύ-
1152 2343 1179 2382 εο

20 2436 23 2441 ’
117 2423 213 2498 νοίας
235 2421 462 2506 ὑποσχόμενος
479 2422 602 2500 αὐτοὺς
620 2425 744 2508 ἔπεμψε
764 2427 843 2502 τοὺς
862 2427 1060 2509 ζητήσοντας
1077 2429 1138 2492 τὸν

117 2526 274 2610 Δαυίδην
304 2525 359 2593 καὶ
391 2529 453 2612 τήν
481 2527 622 2615 ἐρημίαν
652 2528 940 2616 ἐξερευνήσοντας·
973 2532 1073 2610 αὐτὸς
1103 2531 1134 2597 δ’

118 2632 364 2719 ἀκολουθήσειν
385 2635 595 2722 ἀπαιρίνατο.
638 2636 749 2721 <279>
770 2634 827 2703 καλ
854 2640 890 2703 οἳ
914 2634 976 2722 μὲν
999 2636 1053 2703 ἐπὶ
1075 2639 1138 2722 τὴν

118 2740 231 2825 θήραν
256 2740 313 2808 καὶ
339 2743 402 2827 τήν
428 2744 595 2828 σύλληψιν
625 2752 686 2810 τοῦ
711 2744 867 2811 Δαυίδου
897 2753 1047 2830 προῆγον
1077 2747 1137 2811 τὸν

118 2836 280 2930 βασιλέα,
303 2849 545 2929 σπουδάζοντες
575 2850 621 2933 μή
652 2851 757 2934 μόνον
788 2850 877 2937 αύτῷ
905 2859 1049 2934 μηνῦσαι
1077 2852 1137 2916 τὸν
1151 2870 1178 2910 2⁶

120 2947 259 3035 ἐχθρόν,
290 2952 375 3019 ἀλλὰ
404 2951 460 3019 καλ
491 2963 537 3043 τῷ
568 2966 752 3040 παρασχεῖν
777 2954 881 3021 αὐτὸν
906 2957 956 3032 είς
983 2955 1137 3034 ἐξουσίαν

93 3084 95 3088 ·
113 3055 354 3143 ,φανερωτέραν
371 3068 573 3143 καταστῆσαι
591 3061 682 3150 αὐτῷ
698 3061 761 3144 τήν
779 3061 929 3127 εὔνοιαν·
954 3064 1138 3149 διήμαρτον

119 3159 157 3229 δὲ
179 3172 238 3247 της
260 3163 379 3230 ἀδίκου
400 3162 457 3230 καὶ
480 3175 629 3252 πονηρᾶς
656 3166 851 3252 ἐπιθυμίας,
878 3171 916 3232 οἳ
939 3164 1044 3252 μηδὲν
1066 3193 1137 3234 κιν-

119 3269 295 3337 δυνεύσειν
332 3273 470 3355 ἐμελλον
506 3270 543 3337 ἐκ
578 3282 639 3339 τοῦ
671 3274 716 3357 μὴ
752 3270 846 3339 ταῦτ’
880 3273 1059 3359 ἐμφανίσαι
1092 3286 1138 3363 τῷ

119 3377 279 3466 Σαούλφ,
306 3377 416 3463 (280)
443 3377 500 3443 διά
524 3374 563 3444 δέ
584 3382 760 3447 κολακείαν
786 3376 843 3445 καὶ
869 3381 1009 3466 κέρδους
1035 3398 1137 3466 προσ·
1151 3400 1179 3441 εο

189 3500 332 3562 §2⁷⁶—
352 3497 621 3570 1sseg.xxm1o.
