2400 3840
126 159 169 223 '20
493 157 768 210 ΑΡΧΑΙΟΔΟΓΙΑΣ

125 323 206 406 μετὰ
229 332 296 386 τῶν
319 317 499 398 ἑξακοσίων
523 322 558 383 οἳ
578 316 653 403 περὶ
674 314 780 382 Ιαὐτὸν
802 312 897 400 ἦσαν,
928 318 1144 401 παραγίνεται

125 430 208 513 πρὸς
228 425 368 512 Ἀγχοῦν
389 429 449 492 τὸν
469 429 586 510 Γίττης
609 423 759 510 βασιλέα·
784 428 842 508 μία
862 422 893 488 δ’
914 418 956 506 ήν
975 423 1057 504 αὕτη
1077 434 1145 486 τῶν

125 533 223 599 πέντε
246 537 384 599 πόλεων.
430 534 538 616 <320>
563 529 744 616 δεξαμένου
772 529 803 595 δ’
829 530 932 595 αὐτὸν
960 539 1019 595 τοῦ
1050 533 1144 613 βασι-

126 639 209 717 λέως
236 643 300 706 σὺν
328 652 398 717 τοῖς
426 639 567 726 ἀνδράσι
594 637 650 703 καὶ
678 640 796 714 δόντος
824 639 1028 722 οἰκητήριον,
1060 640 1145 720 ἔχων

125 748 192 831 ἀμα
206 745 261 811 καὶ
274 748 333 823 τάς
347 747 409 812 δύο
428 757 599 828 γυναῖκας,
614 743 750 830 Ἀχιμάν
763 742 819 809 καὶ
831 742 1011 828 Ἀβιγαίαν,
1027 744 1144 826 διῆγεν
1158 764 1171 803 5

126 852 163 918 έν
181 862 220 939 τή
240 855 348 938 Γίττη.
381 852 524 942 Σαούλῳ
544 849 581 917 δὲ
599 849 692 917 ταῦτ’
714 851 893 916 ἀκούσαντι
916 853 1015 931 λόγος
1033 849 1141 916 οὐκέτ’

121 953 168 1040 ,ήν
190 957 330 1042 πέμπειν
354 957 403 1024 ἐπ’
430 958 533 1024 αὐτὸν
555 958 576 1042 ή
600 960 758 1044 βαδίζειν·
783 955 835 1034 δὶς
856 959 918 1042 γάρ
942 957 1005 1040 ήδη
1028 959 1144 1022 κινδυ-

124 1074 240 1130 νεῦσαι
263 1066 352 1152 παρά
375 1067 495 1152 μικρὸν
518 1062 568 1130 ἐπ’
594 1063 708 1152 ἐκείνῳ
737 1067 933 1148 γενόμενον,
964 1068 1143 1148 συλλαβεῖν

124 1171 228 1237 αὐτὸν
251 1171 494 1237 σπουδάσαντα.
539 1171 648 1255 <321>
670 1172 804 1255 Δαυίδη
828 1168 858 1235 δ’
885 1169 946 1235 οὐκ
970 1168 1082 1247 ἔδοξεν
1106 1170 1143 1235 ἐν

124 1288 164 1365 τῇ
192 1283 286 1345 πόλει
312 1290 381 1344 τῶν
405 1281 533 1343 Γιττῶν
559 1275 688 1362 μένειν,
715 1275 788 1342 ἀλλ’
815 1276 937 1359 ἐδεήθη
966 1285 1025 1341 τοῦ
1049 1280 1142 1359 βασι-
1158 1295 1183 1333 10

125 1385 208 1464 λέως
227 1386 338 1452 αὐτῶν
356 1383 414 1469 ἵν’,
433 1384 545 1468 ε’πειδή
564 1384 814 1470 φιλανθρώπως
831 1383 935 1448 αὐτὸν
953 1381 1142 1466 ὑπεδέξατο,

124 1492 180 1557 καὶ
203 1503 301 1558 τοῦτο
324 1496 508 1579 χαρίσηται,
529 1493 634 1556 τόπον
651 1492 727 1556 τινά
746 1499 806 1574 τῆς
823 1491 932 1575 χώρας
951 1491 1030 1566 δοὺς
1053 1491 1142 1579 αὐτῷ

126 1600 173 1673 είς
195 1600 398 1680 κατοίκησιν·
427 1598 596 1661 αἰδεῖσθαι
624 1596 687 1680 γάρ
717 1596 898 1680 διατρίβων
922 1595 958 1660 έν
984 1605 1024 1681 τῇ
1048 1600 1142 1662 πόλει

124 1704 229 1787 βαρὺς
261 1702 350 1791 αὐτῷ
381 1700 437 1767 καὶ
471 1704 629 1788 φορτικὸς
666 1697 761 1767 είναι.
815 1702 924 1786 <322>
957 1704 1074 1767 δίδωσι
1108 1702 1139 1767 δ’

121 1805 257 1892 Ἀγχοῦς
271 1807 360 1896 αὐτῷ
373 1809 487 1892 κώμην
502 1809 578 1873 τινά
592 1808 742 1873 Σεκελάν
754 1806 973 1892 καλουμένην,
991 1808 1034 1891 ἣν
1048 1812 1142 1892 βασι·
1157 1825 1182 1865 15

124 1914 245 1990 λεύσας
268 1915 285 1980 ὁ
308 1916 461 1998 Δαυίδης
483 1914 621 1997 ἀγαπῶν
645 1917 734 1980 ίδιον
750 1924 856 1999 κτήμα
880 1914 1032 1999 ἐτίμησεν
1055 1911 1141 1981 εἶναι

123 2016 179 2083 καὶ
202 2020 237 2083 οί
257 2021 374 2096 παῖδες
397 2020 509 2085 αὐτοῦ.
538 2021 620 2086 ἀλλά
639 2018 715 2105 περὶ
738 2017 799 2104 μέν
817 2022 945 2086 τούτων
969 2020 1005 2086 έν
1028 2023 1142 2100 ἀλλοις

125 2125 328 2209 δηλώσομεν,
352 2126 370 2191 ὁ
394 2123 432 2190 δέ
449 2130 569 2211 χρόνος
588 2127 628 2192 ὃν
645 2125 834 2214 κατῴκησεν
852 2130 1004 2211 Δαυίδης
1023 2127 1059 2193 έν
1077 2135 1141 2195 Σε-

123 2237 203 2317 κελήι
229 2240 287 2315 τής
314 2235 555 2315 Παλαιστίνης,
588 2231 717 2314 ἐγένετο
747 2242 848 2318 μήνες
878 2233 1029 2320 τέτταρες
1058 2239 1141 2321 πρὸς

123 2349 196 2413 ταῖς
224 2343 349 2402 είκοσιν
380 2336 525 2422 ἡμέραις.
570 2339 680 2421 <323>
713 2337 929 2424 ἐπερχόμενος
962 2338 999 2406 δὲ
1030 2342 1142 2429 λάθρα
1157 2357 1183 2395 20

124 2453 195 2520 τοῖς
224 2445 464 2529 πλησιοχώροις
493 2456 560 2509 τῶν
593 2449 844 2529 Παλαιστινῶν,
877 2451 1055 2532 Σερρίταις
1086 2448 1141 2513 καὶ

121 2546 365 2635 Ἀμαληκίταις,
393 2553 571 2639 διήρπαζεν
594 2550 706 2617 αὐτῶν
732 2553 793 2636 τήν
815 2554 942 2640 χώραν,
969 2551 1024 2618 καὶ
1048 2557 1142 2619 λείαν

124 2656 252 2739 πολλήν
281 2669 412 2741 κτηνῶν
440 2655 495 2723 καὶ
526 2660 683 2743 καμήλων
714 2660 894 2743 λαμβάνων
922 2658 1141 2745 ὑπέστρεφεν·

124 2761 316 2847 ἀνθρώπων
347 2767 410 2851 γάρ
442 2765 606 2849 ἀπείχετο,
640 2767 758 2843 δεδιὼς
790 2767 834 2850 μή
865 2768 1142 2851 καταμηνύσωσιν

125 2868 228 2933 αὐτὸν
242 2872 325 2953 πρὸς
336 2869 475 2954 Ἀγχοῦν
489 2874 548 2936 τὸν
562 2871 711 2955 βασιλέα,
729 2875 766 2938 τὸ
788 2871 900 2957 μέντοι
919 2898 956 2956 γε
974 2882 1032 2958 τῆς
1051 2877 1142 2951 λείας
1156 2887 1181 2927 25

125 2973 226 3062 μέρος
248 2974 336 3062 αὐτῷ
367 2977 496 3061 δωρεάν
519 2979 649 3060 ἔπεμπε.
695 2979 804 3062 <324>
827 2988 888 3043 τοῦ
916 2977 953 3044 δὲ
980 2979 1142 3063 βασιλέως

124 3080 321 3167 πυθομένου
348 3085 437 3146 τίσιν
468 3081 664 3167 ἐπιθέμενος
686 3084 748 3167 τήν
771 3088 864 3150 λείαν
887 3085 1042 3168 ἀπήλασε,
1070 3099 1142 3163 τοῖς

124 3191 209 3273 πρὸς
231 3190 290 3254 τὸν
312 3192 412 3254 νότον
434 3199 502 3253 τῶν
523 3187 695 3255 Ἰουδαίων
712 3189 946 3274 τετραμμένοις
967 3189 1022 3256 καὶ
1047 3191 1083 3257 έν
1101 3203 1140 3277 τῇ

124 3295 258 3360 πεδιάδι
272 3302 482 3360 κατοικοῦσιν
502 3297 604 3361 είπών
617 3299 727 3361 πείθει
745 3296 805 3359 τὸν
819 3293 959 3379 Ἀγχοῦν
974 3308 1141 3382 φρονῆσαι

121 3399 243 3477 οὕτως·
267 3403 384 3484 ήλπισε
406 3404 469 3489 γάρ
488 3396 585 3479 οὗτος
606 3403 655 3467 ότι
673 3401 825 3483 Δαυίδης
844 3399 977 3485 έμίσησε
994 3406 1031 3469 τὸ
1051 3407 1141 3471 ίδιον
1155 3423 1181 3460 30

182 3524 275 3582 §320
294 3548 330 3570 =
349 3529 364 3579 1
380 3523 450 3596 αις.
472 3523 615 3580 XXV113.
